3146 4826
998 340 1257 396 Ciceronis
1292 342 1552 412 epistulae
1589 343 1811 397 selectae
1846 343 1988 398 XIV.
2658 342 2728 403 73

259 500 401 579 Qua
447 519 519 564 re
568 520 716 565 cum
763 501 1045 565 viderem
1093 520 1132 565 a
1173 501 1575 585 Cappadocia
1602 502 1991 568 Parthorum
2037 483 2249 587 copias
2298 524 2553 570 aversas
2600 526 2726 570 non

257 608 442 689 longe
490 625 531 670 a
577 606 810 672 finibus
868 626 1007 671 esse
1055 607 1338 683 Ciliciae,
1401 626 1599 690 quam
1657 609 1836 691 potui
1896 610 2190 674 maximis
2250 612 2582 676 itineribus
2647 612 2726 676 ad

256 715 586 782 Amanum
632 714 983 778 exercitum
1029 714 1196 778 duxi.
1289 713 1426 792 Quo
1472 717 1548 778 ut
1595 715 1756 791 veni,
1808 716 2059 780 hostem
2107 717 2186 780 ab
2232 718 2584 782 Antiochea
2629 738 2727 782 re-

260 820 562 897 cessisse,
622 820 930 884 Bibulum
974 821 1363 885 Antiocheae
1412 840 1550 885 esse
1599 823 1893 903 cognovi:
1958 822 2332 886 Deiotarum
2394 822 2727 888 confestim

258 927 389 990 iam
436 926 518 990 ad
566 946 671 991 me
718 927 1082 991 venientem
1128 946 1276 992 cum
1320 946 1553 1010 magno
1602 930 1668 992 et
1711 928 1893 992 firmo
1957 929 2250 1009 equitatu
2312 932 2376 993 et
2435 929 2724 1012 peditatu

260 1036 328 1097 et
373 1052 522 1097 cum
570 1033 863 1097 omnibus
912 1034 1043 1097 suis
1091 1034 1288 1116 copiis
1335 1034 1670 1099 certiorem
1715 1034 1835 1099 feci
1878 1053 2004 1098 non
2037 1035 2236 1099 videri
2275 1054 2413 1100 esse
2446 1054 2725 1112 causam,

260 1158 375 1203 cur
422 1140 680 1204 abesset
727 1158 765 1203 a
810 1158 1024 1221 regne,
1070 1158 1301 1221 meque
1350 1141 1432 1204 ad
1481 1159 1648 1218 eum,
1695 1141 1750 1204 s'i
1798 1140 1951 1222 quid
1995 1142 2141 1205 novi
2181 1141 2343 1207 forte
2378 1142 2727 1219 accidisset,

260 1247 484 1310 statim
556 1246 808 1311 litteras
873 1246 1257 1328 nuntiosque
1318 1247 1669 1311 missurum
1738 1266 1895 1311 esse.
2001 1247 2289 1329 Cumque
2369 1267 2440 1313 eo
2519 1249 2725 1313 animo
2749 1269 2777 1313 s

258 1353 600 1429 venissem,
647 1355 724 1416 ut
767 1352 1026 1434 utrique
1072 1353 1449 1435 provinciae,
1497 1353 1551 1418 si
1597 1355 1691 1418 ita
1736 1357 1991 1437 tempus
2039 1355 2258 1431 ferret,
2308 1356 2727 1433 subvenirem,

258 1461 404 1523 tum
449 1458 550 1535 id,
583 1458 756 1540 quod
800 1459 931 1522 iam
978 1462 1128 1523 ante
1175 1461 1533 1524 statueram
1578 1460 1989 1525 vehementer
2034 1461 2341 1525 interesse
2392 1463 2726 1543 utriusque

257 1565 648 1647 provinciae,
703 1583 998 1647 pacare
1044 1568 1436 1631 Amanum
1482 1569 1564 1632 et
1607 1570 2094 1649 perpetuum
2141 1567 2458 1632 hostem
2507 1587 2595 1631 ex
2643 1587 2726 1632 eo

258 1672 534 1735 monte
605 1671 938 1748 tollere,
1009 1690 1196 1753 agere
1264 1673 1544 1755 perrexi3
1616 1691 1887 1755 cumque
1958 1690 2059 1737 me
2130 1672 2449 1738 discedere
2514 1675 2592 1737 ab
2656 1693 2726 1737 co

262 1779 482 1842 monte
533 1778 942 1842 simulassem
989 1780 1057 1842 et
1102 1779 1261 1842 alias
1306 1782 1523 1862 partes
1573 1780 1829 1845 Ciliciae
1892 1782 2107 1862 petere
2171 1781 2585 1861 abessemque
2649 1782 2727 1844 ab

258 1886 511 1948 Amano
559 1886 683 1949 iter
729 1886 921 1949 unius
971 1884 1095 1949 diei
1142 1888 1208 1949 et
1254 1887 1466 1950 castra
1512 1886 1682 1969 apud
1727 1887 2164 1969 Epiphaneam
2211 1886 2521 1963 fecissem,
2570 1906 2623 1949 a.
2671 1886 2728 1949 d.

259 2011 373 2053 1111.
402 1990 499 2054 Id.
536 1989 704 2067 Oct„
752 2010 900 2055 cum
948 1992 1522 2074 advesperasceret,
1570 1992 1859 2075 expedito
1906 1994 2186 2057 exercitu
2233 1994 2325 2056 ita
2370 1995 2563 2057 noctu
2608 1994 2730 2057 iter

260 2098 401 2175 feci,
449 2099 527 2161 ut
574 2115 629 2160 a.
663 2096 719 2160 d.
750 2117 838 2159 111.
869 2097 964 2161 Id.
999 2096 1155 2174 Oct„
1202 2117 1350 2162 cum
1395 2099 1749 2175 lucisceret,
1796 2099 1862 2162 in
1907 2100 2231 2163 Amanum
2280 2098 2729 2163 adscenderem

264 2204 756 2285 distributisque
806 2205 1167 2268 cohortibus
1231 2207 1297 2268 et
1358 2205 1608 2268 auxiliis
1624 2253 1640 2282 ,
1702 2224 1848 2269 cum
1912 2205 2052 2269 aliis
2100 2204 2172 2283 Q.
2221 2204 2417 2269 frater
2478 2206 2729 2286 legatus

264 2329 522 2374 mecum
572 2310 785 2388 simul,
833 2311 974 2374 aliis
1023 2310 1090 2375 C.
1136 2310 1517 2393 Pomptinus
1563 2312 1844 2393 legatuS,
1891 2312 2154 2392 reliquis
2201 2312 2287 2374 Μ.
2333 2312 2618 2375 Anneius
2666 2313 2731 2374 et

264 2418 337 2481 L.
369 2416 620 2481 Tullius
651 2418 850 2498 legati
879 2419 1268 2500 praeessent,
1307 2418 1744 2500 plerosque
1776 2419 2368 2500 necopinantes
2403 2436 2733 2501 oppres-

265 2524 554 2600 simus,
605 2524 742 2605 qui
783 2524 1039 2588 occisi
1081 2523 1466 2606 captique
1509 2526 1730 2600 sunt,
1775 2524 2107 2588 interclusi
2138 2523 2308 2606 fuga.
2384 2525 2785 2588 Eranamo

268 2632 509 2707 autem,
558 2648 722 2711 quae
770 2628 895 2695 fuit
939 2649 1068 2694 non
1114 2631 1237 2694 vici
1281 2631 1503 2707 instar,
1551 2630 1664 2694 sed
1711 2630 1903 2707 urbis,
1952 2631 2121 2711 quod
2168 2633 2306 2695 erat
2352 2632 2583 2695 Amani
2631 2650 2734 2694 ca-

266 2738 407 2818 put,
452 2736 740 2817 itemque
776 2735 1167 2818 Sepyram
1216 2737 1281 2799 et
1321 2735 1368 2800 C
1390 2737 1829 2812 ommorim,
1878 2737 2107 2800 acriter
2140 2738 2204 2800 et
2237 2736 2346 2800 diu
2377 2755 2735 2818 repugnan-

267 2846 389 2919 teS,
436 2842 777 2924 Pomptino
823 2843 1004 2906 illam
1048 2843 1300 2925 partem
1329 2843 1563 2906 Amani
1611 2843 1885 2918 tenente,
1933 2861 2007 2906 ex
2040 2843 2417 2907 antelucano
2451 2844 2732 2923 tempore

269 2967 479 3030 usque
529 2949 612 3012 ad
659 2949 885 3012 horam
932 2949 1058 3013 diei
1103 2969 1166 3011 x.
1198 2967 1434 3030 magna
1479 2948 1891 3012 multitudine
1938 2948 2222 3012 hostium
2270 2949 2473 3012 occisa
2521 2947 2735 3029 cepi-

270 3074 443 3118 mus
492 3056 1021 3136 castellaque
1083 3055 1158 3118 vi
1220 3057 1459 3138 capta
1521 3056 1939 3138 complura
1999 3055 2526 3120 incendimus.
2618 3053 2735 3116 His

273 3162 464 3225 rebus
512 3162 606 3226 ita
653 3162 852 3243 gestis
900 3164 1112 3226 castra
1172 3163 1239 3225 in
1300 3162 1617 3226 radicibus
1663 3163 1896 3226 Amani
1955 3163 2295 3226 habuimus
2361 3161 2529 3244 apud
2574 3164 2735 3224 Aras

424 3386 470 3427 7.
522 3373 600 3427 ad
635 3373 941 3440 Amanum]
994 3371 1378 3441 Grenzgebirge
1415 3373 1669 3427 zwischen
1705 3373 1890 3441 Syrien
1927 3372 2035 3425 und
2072 3373 2301 3427 Cilicien.
2356 3402 2422 3410 —
2472 3372 2734 3438 Bibulus]

271 3462 368 3515 der
405 3461 701 3515 Mitkonsul
736 3479 836 3515 von
872 3460 929 3516 C.
966 3462 1143 3515 Julius
1180 3461 1342 3517 Casar
1375 3462 1425 3516 J.
1465 3463 1550 3528 59,
1590 3478 1696 3515 war
1733 3461 1934 3515 damals
1970 3461 2295 3514 Statthalter
2330 3461 2386 3513 in
2423 3461 2620 3528 Syrien.

424 3561 471 3604 8.
510 3550 736 3618 utrique
762 3551 1113 3619 provinciae]
1151 3550 1335 3619 Syrien
1364 3551 1457 3603 wie
1485 3550 1715 3605 Cilicien.
1753 3579 1825 3588 —
1861 3556 2070 3619 tempus
2104 3549 2297 3616 ferret]
2337 3565 2527 3616 „wenn
2564 3564 2619 3602 es
2657 3549 2739 3601 die

273 3640 418 3707 Lage
453 3638 556 3692 mit
593 3638 706 3692 sich
742 3639 1021 3706 brachte“,
1062 3639 1112 3692 d.
1152 3639 1204 3692 h.
1245 3639 1631 3705 „erforderte“.
1681 3669 1749 3677 —-
1787 3654 1998 3707 pacare
2157 3637 2364 3704 tollere]
2402 3636 2611 3689 Nahere
2647 3635 2738 3688 Er-

275 3728 505 3795 kliirung
532 3744 597 3781 zu
624 3727 705 3794 id,
735 3727 909 3796 quod:
940 3726 1271 3794 „namlich“.
1303 3755 1370 3764 -
1394 3731 1727 3796 perpetuum
1753 3726 1977 3793 hostem]
2007 3726 2123 3778 weil
2151 3725 2225 3778 sie
2252 3725 2532 3793 bestandig
2558 3725 2740 3778 raube-

276 3816 449 3870 rische
485 3815 711 3869 Einfalle
748 3817 1009 3870 machten.
1063 3846 1131 3855 —
1181 3815 1472 3870 interclusi
1506 3814 1671 3883 fuya]
1722 3817 1870 3883 giebt
1907 3814 2006 3868 den
2045 3812 2229 3868 Grund
2276 3831 2341 3868 an
2358 3857 2370 3881 ‚
2423 3830 2617 3867 warum
2665 3815 2741 3867 sie

275 3904 694 3974 niedergehauen
732 3904 842 3958 und
877 3906 1132 3972 gefangen
1169 3904 1398 3959 wurden.

426 4007 473 4049 9.
519 3994 733 4061 instar]
778 3993 944 4047 heil'st
990 3993 1271 4062 eigentlich
1322 3994 1416 4048 das
1463 3993 1663 4061 gleiche
1702 3993 1939 4047 Gewicht
1987 3992 2111 4046 oder
2159 3993 2241 4045 die
2288 3992 2489 4059 gleiche
2527 3989 2739 4045 Grosse:

280 4072 694 4150 „Ahnlichkeit‚
732 4081 954 4149 Alabim,
991 4081 1234 4149 Vorbild,
1271 4082 1457 4136 Bild“.
1534 4080 1679 4137 Ganz
1717 4098 1774 4135 so
1809 4081 1974 4135 heisst
2009 4098 2065 4134 es
2101 4080 2221 4134 Tac.
2260 4079 2396 4133 Ann.
2436 4079 2488 4146 I,
2527 4080 2596 4133 20
2643 4095 2742 4131 von

273 4171 592 4242 Nauportus
627 4172 684 4225 in
720 4170 1051 4225 Pannonien:
1091 4213 1121 4238 „
1136 4171 1274 4240 quod
1309 4170 1579 4241 municipii
1613 4170 1786 4224 instar
1820 4170 1985 4224 fuit“.
2025 4200 2092 4208 —-
2138 4170 2291 4223 illam
2318 4168 2562 4237 partem]
2600 4172 2744 4220 nam-

265 4259 386 4314 -lich
422 4276 501 4314 wo
540 4260 623 4313 die
661 4259 791 4314 Orte
827 4259 1024 4330 Sepyra
1063 4260 1171 4312 und
1207 4259 1493 4315 Commoris
1530 4259 1701 4327 lagen.
1749 4288 1822 4297 —
1872 4259 2031 4328 apud
2065 4258 2215 4312 Aras
2251 4255 2588 4324 Alexandm‘]
2639 4255 2750 4308 Auf

273 4348 399 4404 dem
449 4348 837 4403 Schlachtfelde
887 4365 987 4402 von
1036 4348 1185 4401 Issus
1231 4349 1385 4402 hatte
1433 4347 1732 4401 Alexander
1778 4348 1964 4402 Altare
2012 4345 2280 4401 errichtet.
2354 4344 2474 4412 Vgl.
2526 4343 2743 4398 Curtius
