3146 4826
442 352 541 412 18⁰
1118 355 1378 411 Ciceronis
1414 357 1671 427 epistulae
1708 357 1928 410 selectae
1964 355 2203 410 XLVIII.

1209 515 1488 580 XLVIH
1533 519 1630 595 (ad
1665 523 1790 581 Att.
1822 523 1945 594 XV,
1980 523 2105 594 11).
2342 581 2347 588 ,

825 620 932 674 Scr.
970 621 1023 674 in
1062 620 1272 675 Antiati
1308 637 1355 674 a.
1395 620 1446 675 d.
1484 620 1547 674 V.
1585 620 1714 675 Idus
1750 620 1931 675 Iunias
1967 638 2014 675 a.
2055 640 2104 675 u.
2143 638 2187 674 c.
2227 623 2332 675 710
2368 621 2495 688 (44).

1119 710 1491 785 CICERO
1547 711 1933 787 ATTICO
1990 710 2203 786 SAL.

384 854 406 893 ι
609 834 877 899 Antium
923 835 1067 898 veni
1114 851 1169 897 a.
1201 834 1259 897 d.
1291 854 1376 897 v1.
1406 833 1600 898 Idus:
1649 834 1887 899 Bruto
1933 835 2250 899 iucundus
2297 836 2513 898 noster
2561 835 2906 900 adventus.

431 939 675 1005 Deinde
706 940 929 1004 multis
964 940 1383 1017 audientibu8‚
1417 939 1702 1016 Servilia,
1748 942 2048 1017 Tertulla,
2095 941 2334 1017 Porcia,
2367 958 2692 1022 quaerere,
2743 941 2904 1022 quid

430 1046 714 1128 placeret
762 1081 846 1092 ·-
895 1046 1115 1110 aderat
1161 1047 1357 1110 etiam
1400 1047 1719 1111 Favonius
1768 1085 1872 1123 -,
1921 1065 2053 1128 ego,
2101 1047 2269 1128 quod
2317 1064 2492 1110 eram
2538 1046 2901 1111 meditatus

430 1152 497 1215 in
545 1152 663 1229 via,
710 1151 994 1227 suadere,
1041 1154 1116 1215 ut
1146 1153 1435 1216 uteretur
1465 1152 1810 1218 Asiatica
1851 1154 2243 1217 curatione
2289 1152 2684 1228 frumenti,
2732 1153 2902 1216 nihil

434 1275 570 1321 esse
603 1257 733 1321 iam
764 1257 1008 1338 reliqui,
1058 1257 1224 1339 quod
1258 1277 1611 1339 ageremu3‚
1656 1259 1782 1323 nisi
1828 1262 1903 1323 ut
1949 1260 2163 1324 salvus
2209 1260 2409 1332 esset;
2457 1259 2523 1320 in
2570 1276 2642 1321 eo
2694 1259 2900 1322 etiam

432 1363 553 1443 ipsi
600 1363 691 1427 rei
736 1363 1025 1446 publicae
1060 1382 1198 1428 esse
1229 1364 1634 1446 praesidium.
1714 1363 1925 1443 Quam
1971 1364 2321 1428 orationem
2368 1382 2514 1427 cum
2559 1364 2896 1445 ingressus

434 1487 672 1546 essem,
734 1469 1043 1534 Cassius
1103 1470 1476 1544 intervenit;
1542 1489 1657 1551 ego
1717 1470 1940 1535 eadem
1999 1471 2109 1534 illa
2168 1470 2452 1552 repetivi.
2553 1470 2692 1533 Hoc
2752 1472 2896 1534 loco

430 1573 700 1639 fortibus
763 1594 914 1639 sane
972 1576 1168 1640 oculis
1217 1575 1477 1640 Cassius
1527 1614 1609 1621 —-
1660 1577 1937 1640 Martem
1984 1577 2223 1658 spirare
2273 1575 2511 1640 diceres
2562 1611 2645 1619 —
2695 1593 2760 1638 se
2826 1576 2898 1637 in

434 1679 775 1745 Siciliam
820 1700 946 1745 non
991 1681 1253 1745 iturum.
1331 1682 1588 1762 „Egone
1634 1685 1708 1745 ut
1739 1682 2111 1745 beneficium
2143 1682 2527 1763 accepissem
2559 1682 2898 1744 contume-

430 1787 671 1850 liam?“
742 1786 955 1866 „Quid
988 1806 1135 1869 ergo
1170 1788 1304 1868 agis
1321 1790 1395 1850 ‘9⁴‘
1443 1788 1726 1867 inquam.
1802 1790 1889 1851 At
1917 1788 2023 1851 ille
2056 1788 2121 1850 in
2152 1787 2462 1851 Achaiam
2509 1804 2575 1849 se
2623 1786 2895 1849 iturum.

432 1891 644 1971 „Quid
691 1894 826 1969 tu“,
872 1893 1135 1974 inquam
1184 1893 1520 1969 ‚,Brute?“
1593 1894 1968 1969 „Romam“‚
2015 1893 2227 1974 inquit
2274 1894 2373 1970 „si
2418 1892 2534 1956 tibi
2581 1892 2896 1955 videtur.“

432 1998 637 2075 „Mihi
683 2017 828 2063 vero
868 1999 1163 2073 minime;
1212 2002 1352 2063 tuto
1400 2001 1570 2063 enim
1616 2019 1742 2063 non
1790 2000 1967 2063 eris.“
2046 1998 2309 2078 „Quid‘?
2359 1999 2413 2062 si
2443 2017 2696 2080 possem
2728 2016 2896 2076 esse,

429 2105 881 2187 placeretne?“
974 2108 1230 2187 „Atque
1291 2109 1366 2169 ut
1420 2106 1674 2170 omnino
1731 2123 1935 2186 neque
1992 2124 2162 2169 nunc
2207 2123 2414 2186 neque
2463 2123 2536 2168 ex
2581 2107 2896 2186 praetura

430 2210 496 2273 in
540 2211 928 2293 provinciam
974 2211 1133 2285 ires;
1196 2211 1306 2275 sed
1355 2213 1578 2275 auctor
1624 2230 1750 2274 non
1798 2229 1971 2287 sum,
2034 2212 2109 2274 ut
2165 2214 2229 2274 te
2276 2212 2421 2274 urbi
2468 2210 2896 2274 committaS.“

581 2417 623 2457 1.
664 2402 920 2471 Servilia]
959 2404 1050 2458 des
1085 2404 1158 2458 M.
1195 2403 1397 2458 Brutus
1433 2403 1666 2471 Mutter,
1708 2404 1955 2458 Tertulbz
1967 2445 1983 2471 ,
2023 2403 2164 2457 seine
2195 2402 2412 2472 jiingste
2448 2402 2741 2456 Schwester
2777 2403 2896 2457 und

430 2489 564 2543 Frau
605 2491 696 2544 des
733 2490 969 2558 Cassius,
1019 2493 1224 2546 Porcia
1231 2532 1249 2559 ,
1301 2493 1441 2545 seine
1479 2491 1694 2558 Gattin,
1745 2492 1828 2544 die
1866 2492 1945 2545 als
1982 2492 2121 2546 seine
2159 2489 2739 2560 Gesinnungsgenossin
2773 2492 2896 2544 ihm

429 2578 500 2631 im
536 2578 675 2632 Tode
712 2579 913 2648 gefelgt
949 2580 1059 2633 sein
1110 2580 1224 2634 soll.
1299 2581 1392 2633 Ihr
1429 2581 1661 2634 schreibt
1709 2597 1829 2633 man
1880 2581 1959 2634 als
2009 2580 2102 2633 der
2137 2580 2362 2633 Tochter
2398 2578 2557 2634 Catos
2593 2595 2693 2633 von
2729 2578 2901 2633 Utica

429 2666 578 2721 einen
620 2668 987 2722 wesentlichen
1013 2668 1236 2722 Einflul's
1273 2669 1365 2722 auf
1397 2668 1481 2721 die
1507 2668 1846 2736 Beteiligung
1881 2668 1973 2721 des
2008 2667 2211 2721 Brutus
2248 2685 2312 2720 an
2351 2667 2445 2721 der
2470 2666 2897 2736 Verschworung

428 2773 507 2810 zu.
540 2786 605 2794 —
637 2755 918 2826 quaerere]
946 2756 1169 2825 Subjekt
1189 2774 1251 2810 zu
1271 2756 1463 2810 diesem
1483 2756 1580 2810 Inf.
1602 2756 1885 2809 historicus
1902 2756 1994 2822 ist,
2021 2757 2116 2809 wie
2136 2755 2295 2808 sehon
2315 2755 2410 2810 der
2425 2755 2665 2824 solgende
2685 2754 2895 2824 Gegen-

427 2848 539 2898 satz
569 2861 664 2915 eqo
691 2845 925 2900 suadere
954 2845 1107 2913 zeigt,
1136 2845 1355 2899 Brutus.
1382 2875 1454 2883 —
1481 2844 1793 2911 Favonius]
1825 2844 1906 2897 ein
1936 2843 2143 2912 eifriger
2162 2843 2447 2911 Anhanger
2474 2843 2568 2897 der
2585 2842 2895 2897 Verschwo·

426 2949 599 3000 renen,
639 2934 814 2988 wurde
850 2934 984 2987 nach
1022 2934 1116 2987 der
1151 2933 1400 2986 Schlacht
1434 2933 1518 2985 bei
1553 2932 1786 3002 Philippi
1822 2931 2193 3000 hingerichtet.
2268 2931 2387 3000 Vgl.
2427 2932 2580 3001 epist.
2620 2932 2686 2997 X,
2727 2933 2776 2985 7.
2820 2963 2894 2970 —

422 3022 573 3076 nihil
605 3038 714 3077 esse
748 3022 864 3077 iam
897 3022 1099 3090 reliqui
1135 3021 1281 3090 quod
1317 3021 1620 3091 ayeremus]
1661 3037 1758 3087 „es
1784 3020 1954 3073 bleibe
1980 3036 2079 3072 uns
2111 3019 2249 3087 jetzt
2284 3020 2403 3072 kein
2432 3019 2540 3073 Ziel
2575 3020 2727 3073 mehr
2736 3020 2786 3072 “.
2821 3051 2894 3058 —

423 3110 726 3177 inyressus]
766 3111 1139 3179 ,‚begonnen“.
1196 3110 1257 3162 In
1297 3109 1593 3162 demselben
1631 3108 1789 3162 Sinne
1827 3108 1956 3161 auch
1996 3107 2095 3160 mit
2130 3108 2196 3160 in
2232 3107 2549 3174 verbunden,
2588 3110 2752 3161 unten
2793 3110 2828 3177 ξ
2858 3110 2895 3162 2

399 3195 524 3248 ‘mit
560 3197 677 3249 dem
704 3197 955 3251 Infinitiv.
995 3228 1063 3236 —
1100 3197 1341 3263 fortibus
1376 3213 1511 3252 sane
1547 3197 1743 3263 oculis]
1785 3196 1930 3263 „mit
1965 3195 2226 3250 wahrhaft
2261 3195 2493 3263 feurigen
2532 3195 2721 3263 Augen
2735 3197 2785 3250 “.
2819 3227 2897 3236 -—

425 3283 669 3337 Martem
705 3285 943 3354 spirare]
982 3285 1115 3338 nach
1150 3290 1319 3357 μένεα
1360 3290 1637 3344 πνείοντες
1672 3284 1756 3337 bei
1792 3283 2000 3337 Homer.
2041 3313 2108 3321 —
2148 3284 2344 3354 Eyone
2375 3323 2387 3336 .
2406 3324 2448 3336 ..
2478 3285 2897 3354 contumeliam]

426 3369 560 3436 „Ich
596 3371 749 3424 hatte
785 3371 918 3425 noch
954 3372 1033 3425 als
1069 3373 1183 3426 eine
1209 3371 1491 3426 Wohlthat
1527 3372 1642 3424 eine
1679 3371 1852 3424 solche
1881 3371 2258 3424 schmachvolle
2287 3372 2595 3439 Zumutung
2631 3373 2741 3425 auf-
2777 3374 2897 3426 und

421 3459 711 3513 annehmen
750 3459 914 3513 sollen
931 3459 1000 3512 ?“
1073 3466 1138 3513 ut
1173 3461 1228 3512 in
1266 3459 1359 3513 der
1395 3459 1695 3527 unwilligen
1732 3458 1898 3528 Frage
1934 3459 2010 3512 ist
2045 3459 2139 3512 wie
2177 3459 2270 3512 der
2299 3458 2418 3512 Ace.
2449 3476 2491 3513 c.
2522 3459 2615 3513 inf.
2654 3460 2710 3513 in
2748 3460 2898 3514 dem-

422 3546 601 3601 selben
629 3547 787 3601 Sinne
825 3547 991 3602 durch
1027 3547 1111 3601 ein
1148 3547 1576 3617 urspriingliches
1608 3547 1732 3613 fieri
1751 3552 1937 3616 potest
1962 3547 2118 3600 bezw.
2147 3547 2300 3601 credi
2315 3553 2505 3615 potest
2534 3565 2597 3600 zu
2627 3548 2894 3604 erkliiren.

421 3635 671 3703 accipere
707 3637 804 3689 hat
840 3636 918 3690 oft
954 3636 1233 3690 denselben
1270 3635 1395 3688 Sinn
1433 3635 1529 3688 wie
1570 3638 1948 3707 ὑπολαμβάνω
1981 3637 2046 3700 (z.
2077 3635 2138 3688 Β.
2166 3635 2314 3688 Dem.
2348 3635 2391 3688 Ι.
2431 3634 2652 3704 Olynth.
2694 3638 2756 3690 1:
2799 3648 2899 3704 τῆς

428 3724 687 3794 ὑμετέρας
725 3728 889 3795 τύχης
927 3725 1321 3796 ὑπολαμβάνω)
1356 3723 1466 3777 und
1504 3723 1634 3775 wird
1671 3723 1888 3776 deshalb
1936 3723 2036 3776 mit
2072 3723 2190 3776 dem
2227 3723 2510 3794 doppelten
2549 3725 2741 3781 Aecus.
2779 3744 2899 3780 ver·

421 3810 646 3864 bunden.
686 3841 752 3849 —
794 3810 985 3880 Quid?
1017 3812 1067 3866 si
1093 3828 1306 3881 possem
1344 3827 1477 3876 esse,
1506 3808 1881 3878 placeretne&
1921 3836 1984 3853 =
2025 3812 2074 3864 si
2103 3827 2319 3879 possem
2355 3817 2474 3867 tuto
2510 3813 2723 3869 Romae
2760 3829 2897 3883 esse,

346 3891 349 3894 ⁴
413 3897 728 3964 placerem
767 3899 871 3952 tibi
905 3905 972 3953 ut
1008 3900 1090 3954 ibi
1126 3896 1328 3953 essem?
1376 3928 1444 3936 —
1496 3898 1699 3966 Atque]
1739 3900 1833 3951 wie
1867 3899 1940 3951 im
1978 3897 2347 3952 Griechischen
2384 3905 2478 3953 καὶ
2515 3900 2601 3954 die
2639 3902 2900 3957 Antwort

424 3983 561 4051 ‚,ja“
600 3987 997 4040 voraussetzend
1036 3987 1143 4040 und
1178 3986 1344 4040 durch
1381 3987 1529 4039 einen
1568 3985 1758 4039 Zusatz
1795 3986 2132 4040 erweiternd:
2187 3986 2338 4052 „und
2390 3988 2523 4042 dazu
2574 3989 2756 4043 wiirde
2810 3992 2899 4044 ich

365 4084 370 4087 ’
421 4071 573 4124 dafflr
609 4072 718 4126 sein
733 4115 747 4139 ‚
797 4073 974 4128 dass“.
1038 4075 1158 4143 Vgl.
1196 4074 1353 4144 Soph.
1391 4073 1573 4141 Antig.
1613 4074 1748 4128 322:
1800 4072 1908 4126 Auf
1939 4073 2022 4127 die
2058 4074 2415 4143 Behauptung
2461 4076 2555 4130 des
2587 4076 2898 4144 wichten,

420 4175 478 4211 er
511 4158 647 4213 habe
683 4160 766 4214 die
801 4160 940 4216 'rhat
975 4163 1124 4216 nicht
1159 4162 1479 4227 vollbracht,
1530 4164 1816 4215 antwortet
1850 4161 2050 4217 Kreon:
2099 4169 2193 4217 καὶ
2231 4160 2389 4217 ταῦτ’
2422 4164 2515 4229 (=
2557 4168 2754 4234 atque)
2795 4166 2894 4222 ἐπ’

422 4249 639 4318 ἀργύρῳ
687 4267 749 4317 γε
799 4251 895 4315 τὴν
944 4251 1128 4319 ψυχὴν
1176 4249 1435 4320 προδούς,
1486 4276 1553 4285 -
1606 4264 1672 4302 ex
1714 4254 1990 4317 praetura
2037 4252 2101 4304 νη
2140 4250 2515 4319 provinciam]
2564 4252 2639 4307 M.
2682 4254 2901 4309 Brutus

419 4334 571 4386 hatte
607 4334 741 4387 nach
767 4334 956 4390 Casars
992 4352 1076 4388 am
1114 4337 1197 4390 17.
1226 4335 1373 4388 Mars
1409 4334 1734 4402 bestatigten
1765 4336 2195 4406 Bestimmungen
2231 4338 2317 4391 fiir
2339 4338 2390 4393 J.
2421 4339 2493 4394 43
2526 4339 2900 4411 Mazedonien,
