3146 4826
524 320 625 380 122
1240 321 1500 378 Ciceronis
1537 323 1794 393 epistulae
1832 323 2053 377 selectae
2089 323 2255 377 XXX.

1375 484 1558 548 XXX
1605 487 1704 561 (ad
1734 490 1868 548 fam.
1902 491 2002 559 IX,
2037 490 2120 564 6).

1100 588 1207 642 Sor.
1245 589 1440 643 Romae
1476 605 1655 642 mense
1691 589 1841 654 Iunio
1877 606 1925 643 a.
1965 606 2015 643 u.
2054 605 2098 643 c.
2138 590 2242 644 708
2277 588 2407 655 (46).

1294 678 1663 756 CICERO
1728 677 2212 755 VARRONI.

472 823 490 862 1
697 801 1000 867 Caninius
1033 804 1249 867 noster
1279 821 1381 867 me
1428 802 1558 866 tuis
1607 803 1816 867 verbis
1865 802 2212 880 admonuit,
2258 804 2333 867 ut
2379 803 2723 867 scriberem
2771 802 2849 865 ad
2893 804 2968 878 te,

518 910 571 971 si
620 907 769 989 quid
818 913 1006 986 esset,
1055 908 1225 990 quod
1270 911 1564 992 putarem
1613 910 1677 973 te
1725 909 1883 974 scire
1932 911 2238 992 oportere.
2328 909 2473 974 Est
2517 909 2790 991 igitur
2845 908 2970 972 ad-

516 1016 812 1079 ventus
861 1014 1243 1081 Caesaris
1291 1017 1624 1080 scilicet
1684 1017 1763 1080 in
1823 1017 2479 1100 exspectatione,
2538 1035 2750 1098 neque
2798 1020 2869 1079 tu
2910 1015 2969 1078 id

515 1122 786 1202 ignoras.
867 1120 992 1185 Sed
1038 1124 1273 1199 tamen,
1320 1141 1466 1187 cum
1513 1124 1620 1187 ille
1669 1124 2043 1206 scripsisset,
2089 1125 2166 1187 ut
2206 1123 2441 1206 opinor,
2487 1141 2555 1187 se
2589 1123 2658 1185 in
2689 1122 2967 1186 Alsiense

515 1228 885 1304 venturum,
934 1229 1326 1311 scripserunt
1371 1228 1452 1293 ad
1499 1248 1649 1294 eum
1696 1230 1826 1306 sui,
1878 1248 1959 1293 ne
2005 1229 2071 1293 id
2115 1228 2390 1294 faceret:
2422 1211 2694 1293 ‘multos
2745 1228 2802 1292 ei
2845 1247 2967 1292 mo-

514 1334 708 1397 lestos
754 1332 886 1397 fore
933 1334 1269 1416 ipsumque
1316 1336 1572 1408 multis;
1640 1334 1861 1401 Ostiae
1905 1335 2103 1400 videri
2151 1335 2539 1400 commodius
2597 1354 2751 1399 eum
2813 1334 2964 1399 exire

512 1458 714 1521 posse.
785 1439 860 1503 Id
910 1459 1023 1522 ego
1070 1460 1196 1505 non
1227 1441 1675 1524 intellegebam
1722 1442 1874 1525 quid
1905 1443 2282 1517 interesset3
2331 1441 2440 1507 sed
2472 1443 2696 1506 tamen
2726 1442 2963 1506 Hirtius

512 1546 670 1609 mihi
719 1545 876 1610 dixit
923 1548 988 1610 et
1034 1566 1101 1611 se
1149 1547 1231 1611 ad
1278 1567 1427 1612 eum
1474 1550 1539 1612 et
1585 1548 1862 1613 Balbum
1908 1551 1974 1613 et
2022 1548 2299 1632 Oppium
2345 1548 2708 1632 scripsisse,
2766 1551 2842 1613 ut
2882 1548 2964 1611 ita

464 1672 489 1712 2
512 1652 765 1730 faceret,
811 1653 1116 1730 homineS,
1163 1656 1240 1718 ut
1286 1655 1562 1736 cognovi,
1612 1657 1902 1719 amantes
1949 1656 2064 1719 tui.
2153 1655 2293 1720 Hoc
2339 1674 2454 1738 ego
2502 1656 2741 1720 idcirco
2789 1673 2960 1720 nosse

512 1761 575 1822 te
617 1759 804 1837 volui,
853 1763 926 1824 ut
972 1760 1182 1838 scires,
1229 1761 1579 1844 hospitium
1625 1761 1740 1826 tibi
1787 1761 1896 1826 ubi
1941 1780 2218 1845 parareS,
2264 1763 2365 1826 vel
2409 1761 2622 1846 potius
2673 1765 2749 1827 ut
2794 1764 2962 1826 utru-

510 1867 700 1947 bique
747 1901 833 1911 —
883 1866 1035 1948 quid
1082 1868 1251 1932 enim
1296 1867 1401 1932 ille
1446 1867 1736 1933 facturus
1785 1869 1895 1946 sit,
1956 1868 2273 1933 incertum
2321 1871 2420 1933 est
2469 1907 2551 1915 —
2570 1918 2585 1946 ‚
2652 1874 2720 1935 et
2783 1869 2959 1933 simul

509 1975 821 2038 ostentavi
853 1975 1114 2040 tibime
1146 1976 1339 2040 istis
1373 1996 1549 2042 esse
1598 1976 2097 2041 familiarem
2145 1979 2222 2040 et
2268 1975 2650 2041 consiliis
2701 1994 2957 2042 eorum

507 2080 935 2146 interesse.
1028 2082 1210 2160 Quod
1258 2101 1371 2165 ego
1419 2104 1532 2148 cur
1584 2084 1811 2160 nolim,
1873 2084 2031 2147 nihil
2078 2082 2290 2156 video;
2352 2102 2507 2147 non
2569 2084 2787 2147 enim
2846 2084 2957 2148 est

507 2293 684 2347 Partei
732 2294 883 2347 hatte
934 2312 989 2347 es
1036 2294 1170 2348 noch
1221 2294 1517 2348 schlimmer
1565 2295 1851 2363 getrieben.
1925 2294 2019 2348 Ich
2069 2297 2236 2348 troste
2286 2293 2425 2348 mich
2462 2295 2555 2347 wie
2592 2295 2666 2347 du
2706 2295 2832 2348 iiber
2865 2293 2952 2346 den

506 2380 756 2436 Umsturz
794 2381 886 2436 der
921 2382 1286 2438 Verbaltnisse
1322 2384 1421 2438 mit
1458 2383 1549 2437 der
1586 2383 1982 2438 Wissenschaft.

662 2484 700 2523 ι.
756 2470 1051 2540 Caninius]
1111 2471 1336 2540 Gallus,
1386 2473 1469 2526 ein
1506 2473 2047 2540 gemeinschaftlicher
2081 2473 2305 2526 Freund.
2357 2501 2424 2511 —-
2477 2473 2590 2526 tuis
2627 2472 2874 2539 verbisJ,
2880 2470 2951 2537 ,in

508 2559 706 2611 deinem
756 2559 809 2612 N
810 2576 986 2627 amen
1037 2561 1328 2630 Auftrag‘fi
1369 2591 1436 2601 —
1487 2561 1588 2630 est]
1640 2562 1739 2615 mit
1787 2561 1840 2615 N
1841 2562 2103 2615 achdruck
2150 2561 2479 2628 „wirklich“
2520 2589 2587 2599 —
2643 2561 2840 2631 iqitur]
2887 2559 2947 2612 im

505 2637 787 2716 Ubergang
841 2650 934 2703 auf
980 2649 1072 2703 das
1121 2650 1402 2703 besonders
1454 2651 1830 2704 wissenswerte
1866 2649 1943 2716 (te
1992 2650 2132 2705 seire
2180 2651 2450 2718 oportere)
2486 2649 2759 2718 Ereigm's:
2810 2664 2947 2715 „nun

505 2737 675 2789 also‘fl
749 2737 904 2791 Diese
940 2738 1253 2807 Bedeutung
1288 2738 1492 2807 ergiebt
1529 2739 1640 2792 sich
1679 2739 1839 2793 sehon
1876 2755 1971 2793 aus
2009 2739 2125 2792 dem
2160 2738 2441 2809 Ursprung
2477 2755 2575 2792 von
2611 2738 2817 2807 ἱρέων,
2865 2736 2946 2789 das

505 2825 785 2893 eigentlich
825 2850 888 2869 =
930 2827 1121 2895 aqitur
1156 2827 1244 2881 ist.
1286 2857 1353 2866 —-
1390 2828 1624 2894 scilieet]
1666 2828 1793 2894 „wie
1830 2827 1942 2881 sich
1978 2827 2141 2881 leicht
2177 2827 2378 2881 denken
2416 2827 2586 2882 lafst“
2593 2869 2605 2893 ,
2659 2828 2763 2880 mit
2796 2827 2943 2880 einem

505 2914 729 2967 leichten
767 2913 958 2982 Anflug
995 2932 1091 2967 von
1129 2915 1316 2969 Ironie.
1371 2945 1436 2956 --
1488 2916 1583 2970 sed
1623 2915 1829 2983 tamen]
1866 2915 1967 2969 mit
2002 2916 2144 2968 einer
2182 2916 2538 2984 Auslassung,
2589 2916 2674 2968 die
2713 2932 2808 2968 aus
2843 2914 2944 2967 dem

502 3002 972 3070 Vorhergehenden
1010 3019 1183 3071 neque
1217 3004 1282 3058 id
1315 3005 1541 3073 iquoras
1579 3005 1742 3058 leicht
1778 3022 1841 3058 zu
1878 3009 2132 3072 erganzen
2168 3005 2270 3058 ist:
2319 3005 2485 3071 „aber
2530 3005 2644 3057 eins
2682 3003 2851 3058 weisst
2883 3001 2942 3054 du

502 3090 676 3155 (doch)
712 3091 845 3144 noch
883 3092 1079 3146 nicht.“
1119 3124 1187 3132 --
1225 3093 1496 3161 Alsiense]
1531 3093 1674 3146 Villa
1709 3094 1790 3147 bei
1829 3092 2038 3146 Alsium
2086 3109 2171 3146 am
2205 3093 2378 3147 Meere
2428 3092 2670 3146 nordlich
2723 3109 2819 3146 von
2862 3089 2943 3143 der

502 3177 941 3248 Tibermiindung.
1014 3180 1166 3234 Auch
1202 3182 1380 3252 Pomp.
1419 3182 1571 3235 hatte
1589 3224 1601 3248 ,
1654 3183 1748 3235 wie
1796 3198 1892 3236 aus
1928 3198 2039 3252 pro.
2076 3181 2189 3235 Mil.
2228 3183 2259 3250 ξ
2296 3182 2367 3236 54
2403 3182 2637 3235 bekannt
2684 3182 2786 3247 ist,
2836 3178 2943 3232 dort

502 3267 586 3319 ein
621 3266 915 3321 Landhaus.
956 3297 1022 3306 —
1061 3268 1230 3336 exire]
1282 3270 1576 3336 ‚,landen“.
1616 3300 1684 3309 —
1722 3269 1861 3339 quid
1905 3270 2208 3336 interesset]
2247 3268 2422 3324 Cicero
2471 3271 2663 3336 meint,
2713 3270 2769 3323 in
2804 3267 2941 3323 Ostia

501 3355 710 3409 wiirden
749 3355 859 3408 sich
898 3357 1323 3411 wahrscheinlich
1360 3358 1550 3427 gerade
1589 3376 1645 3412 so
1683 3358 1814 3421 ,viele
1851 3358 2015 3412 Leute
2051 3375 2144 3412 zur
2178 3358 2514 3435 Begriissung
2547 3357 2808 3412 einfinden
2822 3399 2834 3423 ,
2869 3354 2939 3409 als

499 3445 554 3498 in
592 3444 810 3498 Alsium.
849 3474 920 3483 —
956 3445 1202 3513 Hirtius,
1241 3446 1333 3500 der
1367 3446 1568 3501 Konsul
1606 3464 1722 3501 vom
1757 3447 1807 3501 J.
1836 3447 1923 3514 43,
1963 3447 2055 3500 der
2091 3447 2173 3501 bei
2210 3447 2419 3501 Mutina
2453 3445 2556 3513 fiel,
2592 3446 2810 3501 Balbus
2844 3441 2939 3498 und

504 3532 718 3602 Oppius
767 3534 884 3588 sind
935 3535 1012 3588 oft
1046 3535 1171 3603 (ng.
1210 3535 1341 3588 auch
1380 3536 1533 3606 epist.
1571 3536 1737 3603 XXV,
1776 3537 1832 3601 3)
1867 3538 2128 3604 genannte
2166 3535 2449 3604 Anhanger
2485 3534 2673 3590 Ciisars
2711 3536 2766 3588 in
2801 3533 2936 3596 Rom,

497 3623 597 3676 mit
633 3623 796 3677 denen
835 3622 1011 3679 Cicero
1048 3624 1312 3678 verkehrt.

643 3724 687 3765 2.
726 3711 1053 3781 hospitium]
1089 3713 1173 3766 Da
1209 3712 1344 3766 auch
1379 3713 1562 3779 Varr0,
1602 3713 1694 3766 der
1730 3713 1823 3766 auf
1855 3714 2046 3767 seinem
2084 3712 2436 3766 Tusculanum
2473 3713 2631 3779 weilt,
2669 3711 2830 3767 Ciisar
2863 3710 2937 3762 be-

496 3800 711 3868 griil'sen
749 3801 869 3867 will,
909 3818 965 3855 so
1002 3819 1125 3870 mag
1158 3819 1216 3856 er
1254 3801 1365 3855 sich
1400 3802 1484 3855 fiir
1520 3803 1634 3855 eine
1660 3801 1987 3855 Unterkunft
2021 3801 2363 3872 (‚,Hospiz“)‚
2401 3818 2486 3855 am
2522 3801 2707 3854 besten
2742 3817 2808 3853 an
2843 3797 2936 3851 bei·

498 3889 596 3941 den
625 3889 678 3941 in
698 3888 954 3942 Betracht
980 3891 1322 3945 kommenden
1340 3890 1727 3961 Landeplatzen
1747 3890 2108 3960 (utrubique),
2137 3907 2339 3959 sorgen.
2363 3920 2429 3929 —
2459 3896 2511 3945 et
2534 3890 2722 3956 simul]
2743 3889 2937 3942 zweiter

498 3975 682 4030 Grund
735 3977 820 4030 fiir
875 3977 1015 4032 diese
1063 3979 1389 4048 Mitteilung.
1463 3979 1607 4032 Wir:
1659 3980 1785 4046 „ich
1835 3979 2011 4033 wollte
2057 3979 2140 4032 bei
2190 3979 2272 4032 dir
2323 3979 2490 4032 damit
2533 3978 2810 4049 prahlen“,
2844 3974 2935 4028 mit

494 4065 714 4118 leichter
750 4065 1105 4121 Selbstironie.
1176 4068 1287 4122 Das
1324 4068 1460 4122 Perf.
1477 4111 1490 4135 ‚
1541 4068 1654 4121 weil
1702 4067 1760 4136 ja
1809 4068 1911 4121 mit
1959 4068 2076 4121 dem
2110 4067 2162 4121 N
2163 4068 2576 4122 iederschreiben
2620 4067 2711 4120 des
2747 4064 2933 4120 Briefes

495 4153 578 4207 die
625 4153 915 4223 Handlung
962 4155 1228 4208 vollendet
1271 4156 1362 4210 ist.
1448 4157 1653 4210 Ebenso
1704 4156 1783 4209 oft
1830 4156 1901 4209 im
1953 4154 2338 4211 Griechischen.
2411 4156 2532 4225 Vgl.
2582 4173 2624 4209 z.
2672 4155 2737 4209 Β.
2784 4151 2930 4222 Soph.

494 4242 621 4296 Aias
659 4260 704 4298 v,
740 4243 877 4298 536:
929 4240 1152 4318 ἐπῄνεσ’
1210 4246 1373 4316 ἔργον
1409 4270 1479 4290 --ι
1515 4245 1600 4299 ioh
1652 4245 1757 4299 will
1807 4245 1928 4299 dein
1976 4245 2263 4298 Verhalten
2312 4245 2543 4314 billigen.
2583 4274 2649 4283 —
2685 4242 2832 4310 istis]
2869 4263 2926 4284 =-··

490 4331 684 4398 Hirtio,
721 4331 903 4399 Balbo,
941 4331 1123 4403 Oppio,
