<?xml version="1.0" encoding="UTF-8"?>
<!DOCTYPE html PUBLIC "-//W3C//DTD XHTML 1.0 Transitional//EN"
    "http://www.w3.org/TR/xhtml1/DTD/xhtml1-transitional.dtd">
<html xmlns="http://www.w3.org/1999/xhtml" xml:lang="en" lang="en">
 <head>
  <title>
</title>
<meta http-equiv="Content-Type" content="text/html;charset=utf-8" />
  <meta name='ocr-system' content='tesseract 3.04.00' />
  <meta name='ocr-capabilities' content='ocr_page ocr_carea ocr_par ocr_line ocrx_word'/>
</head>
<body>
  <div class='ocr_page' id='page_1' title='image "./epistulaeselect01dettgoog_0115.png"; bbox 0 0 3146 4826; ppageno 0'>
   <div class='ocr_carea' id='block_1_1' title="bbox 802 331 2633 402">
    <p class='ocr_par' dir='ltr' id='par_1_1' title="bbox 802 331 2633 402">
     <span class='ocr_line' id='line_1_1' title="bbox 802 331 2633 402; baseline 0.002 -15"><span class='ocrx_word' id='word_1_1' title='bbox 802 331 1063 387; x_wconf 75' lang='lat' dir='ltr'>Ciceronis</span> <span class='ocrx_word' id='word_1_2' title='bbox 1098 332 1355 402; x_wconf 76' lang='lat' dir='ltr'><strong>epistulae</strong></span> <span class='ocrx_word' id='word_1_3' title='bbox 1392 333 1615 386; x_wconf 75' lang='lat' dir='ltr'><strong>selectae</strong></span> <span class='ocrx_word' id='word_1_4' title='bbox 1649 332 1793 387; x_wconf 85' lang='lat' dir='ltr'><strong>XXI.</strong></span> <span class='ocrx_word' id='word_1_5' title='bbox 1832 332 2004 388; x_wconf 85' lang='lat' dir='ltr'>XXII.</span> <span class='ocrx_word' id='word_1_6' title='bbox 2534 332 2633 394; x_wconf 77' lang='lat'><strong>1⁰1</strong></span> 
     </span>
    </p>
   </div>
   <div class='ocr_carea' id='block_1_2' title="bbox 208 490 2687 2169">
    <p class='ocr_par' dir='ltr' id='par_1_2' title="bbox 215 490 2687 1109">
     <span class='ocr_line' id='line_1_2' title="bbox 365 490 2687 578; baseline -0.001 -22"><span class='ocrx_word' id='word_1_7' title='bbox 365 490 540 570; x_wconf 86' lang='lat' dir='ltr'><strong>Quod</strong></span> <span class='ocrx_word' id='word_1_8' title='bbox 571 493 842 574; x_wconf 90' lang='lat' dir='ltr'><strong>quaeris,</strong></span> <span class='ocrx_word' id='word_1_9' title='bbox 888 492 1068 575; x_wconf 91' lang='lat' dir='ltr'><strong>quid</strong></span> <span class='ocrx_word' id='word_1_10' title='bbox 1109 492 1393 558; x_wconf 89' lang='lat' dir='ltr'><strong>Caesar</strong></span> <span class='ocrx_word' id='word_1_11' title='bbox 1440 493 1530 558; x_wconf 91' lang='lat' dir='ltr'><strong>ad</strong></span> <span class='ocrx_word' id='word_1_12' title='bbox 1577 510 1689 558; x_wconf 90' lang='lat' dir='ltr'><strong>me</strong></span> <span class='ocrx_word' id='word_1_13' title='bbox 1735 493 2169 577; x_wconf 76' lang='lat' dir='ltr'><strong>scripserit,</strong></span> <span class='ocrx_word' id='word_1_14' title='bbox 2217 494 2385 575; x_wconf 92' lang='lat' dir='ltr'><strong>quod</strong></span> <span class='ocrx_word' id='word_1_15' title='bbox 2426 512 2687 578; x_wconf 70' lang='lat' dir='ltr'><strong>saepe,⁸</strong></span> 
     </span>
     <span class='ocr_line' id='line_1_3' title="bbox 218 598 2636 684; baseline 0 -22"><span class='ocrx_word' id='word_1_16' title='bbox 218 598 618 679; x_wconf 84' lang='lat' dir='ltr'><strong>gratissimum</strong></span> <span class='ocrx_word' id='word_1_17' title='bbox 666 598 787 663; x_wconf 90' lang='lat' dir='ltr'><strong>sibi</strong></span> <span class='ocrx_word' id='word_1_18' title='bbox 833 617 972 663; x_wconf 87' lang='lat' dir='ltr'><strong>esse</strong></span> <span class='ocrx_word' id='word_1_19' title='bbox 1021 599 1189 680; x_wconf 91' lang='lat' dir='ltr'><strong>quod</strong></span> <span class='ocrx_word' id='word_1_20' title='bbox 1230 599 1519 681; x_wconf 91' lang='lat' dir='ltr'><strong>quierim,</strong></span> <span class='ocrx_word' id='word_1_21' title='bbox 1566 600 1833 681; x_wconf 88' lang='lat' dir='ltr'><strong>oratque</strong></span> <span class='ocrx_word' id='word_1_22' title='bbox 1880 599 1945 663; x_wconf 88' lang='lat' dir='ltr'><strong>in</strong></span> <span class='ocrx_word' id='word_1_23' title='bbox 1993 617 2066 664; x_wconf 92' lang='lat' dir='ltr'><strong>eo</strong></span> <span class='ocrx_word' id='word_1_24' title='bbox 2111 601 2188 664; x_wconf 91' lang='lat' dir='ltr'><strong>ut</strong></span> <span class='ocrx_word' id='word_1_25' title='bbox 2215 618 2636 684; x_wconf 83' lang='lat' dir='ltr'><strong>perseverem.</strong></span> 
     </span>
     <span class='ocr_line' id='line_1_4' title="bbox 216 703 2632 771; baseline 0.002 -4"><span class='ocrx_word' id='word_1_26' title='bbox 216 703 422 769; x_wconf 82' lang='lat' dir='ltr'><strong>Balbus</strong></span> <span class='ocrx_word' id='word_1_27' title='bbox 475 705 679 770; x_wconf 91' lang='lat' dir='ltr'><strong>minor</strong></span> <span class='ocrx_word' id='word_1_28' title='bbox 747 705 904 771; x_wconf 86' lang='lat' dir='ltr'><strong>haec</strong></span> <span class='ocrx_word' id='word_1_29' title='bbox 969 705 1191 771; x_wconf 89' lang='lat' dir='ltr'><strong>eadem</strong></span> <span class='ocrx_word' id='word_1_30' title='bbox 1255 704 1538 771; x_wconf 89' lang='lat' dir='ltr'><strong>mandat.</strong></span> <span class='ocrx_word' id='word_1_31' title='bbox 1645 705 1782 770; x_wconf 89' lang='lat' dir='ltr'><strong>Iter</strong></span> <span class='ocrx_word' id='word_1_32' title='bbox 1851 708 2069 771; x_wconf 83' lang='lat' dir='ltr'><strong>autem</strong></span> <span class='ocrx_word' id='word_1_33' title='bbox 2139 706 2276 770; x_wconf 88' lang='lat' dir='ltr'><strong>eius</strong></span> <span class='ocrx_word' id='word_1_34' title='bbox 2345 708 2486 771; x_wconf 89' lang='lat' dir='ltr'><strong>erat</strong></span> <span class='ocrx_word' id='word_1_35' title='bbox 2552 707 2632 771; x_wconf 89' lang='lat' dir='ltr'><strong>ad</strong></span> 
     </span>
     <span class='ocr_line' id='line_1_5' title="bbox 215 810 2636 896; baseline 0.002 -23"><span class='ocrx_word' id='word_1_36' title='bbox 215 810 524 876; x_wconf 80' lang='lat' dir='ltr'><strong>Lentulum</strong></span> <span class='ocrx_word' id='word_1_37' title='bbox 556 813 884 877; x_wconf 90' lang='lat' dir='ltr'><strong>consulem</strong></span> <span class='ocrx_word' id='word_1_38' title='bbox 930 831 1080 877; x_wconf 93' lang='lat' dir='ltr'><strong>cum</strong></span> <span class='ocrx_word' id='word_1_39' title='bbox 1110 812 1343 878; x_wconf 84' lang='lat' dir='ltr'><strong>litteris</strong></span> <span class='ocrx_word' id='word_1_40' title='bbox 1377 811 1669 878; x_wconf 76' lang='lat' dir='ltr'><strong>Caesaris</strong></span> <span class='ocrx_word' id='word_1_41' title='bbox 1702 812 2253 896; x_wconf 78' lang='lat' dir='ltr'><strong>praemiorumque</strong></span> <span class='ocrx_word' id='word_1_42' title='bbox 2284 813 2636 896; x_wconf 83' lang='lat' dir='ltr'><strong>promissis,</strong></span> 
     </span>
     <span class='ocr_line' id='line_1_6' title="bbox 218 917 2631 997; baseline 0.001 -17"><span class='ocrx_word' id='word_1_43' title='bbox 218 918 260 980; x_wconf 84' lang='lat' dir='ltr'><strong>si</strong></span> <span class='ocrx_word' id='word_1_44' title='bbox 295 917 549 982; x_wconf 80' lang='lat' dir='ltr'><strong>Romam</strong></span> <span class='ocrx_word' id='word_1_45' title='bbox 595 919 997 990; x_wconf 72' lang='lat' dir='ltr'><strong>revertissetz</strong></span> <span class='ocrx_word' id='word_1_46' title='bbox 1052 937 1304 997; x_wconf 85' lang='lat' dir='ltr'><strong>verum,</strong></span> <span class='ocrx_word' id='word_1_47' title='bbox 1359 939 1507 985; x_wconf 90' lang='lat' dir='ltr'><strong>cum</strong></span> <span class='ocrx_word' id='word_1_48' title='bbox 1562 919 1765 984; x_wconf 88' lang='lat' dir='ltr'><strong>habeo</strong></span> <span class='ocrx_word' id='word_1_49' title='bbox 1810 919 2123 984; x_wconf 90' lang='lat' dir='ltr'><strong>rationem</strong></span> <span class='ocrx_word' id='word_1_50' title='bbox 2170 918 2433 996; x_wconf 88' lang='lat' dir='ltr'><strong>dierum,</strong></span> <span class='ocrx_word' id='word_1_51' title='bbox 2479 922 2631 983; x_wconf 89' lang='lat' dir='ltr'><strong>ante</strong></span> 
     </span>
     <span class='ocr_line' id='line_1_7' title="bbox 216 1024 1883 1109; baseline 0.001 -22"><span class='ocrx_word' id='word_1_52' title='bbox 216 1026 342 1104; x_wconf 77' lang='lat' dir='ltr'><strong>puto</strong></span> <span class='ocrx_word' id='word_1_53' title='bbox 384 1025 931 1102; x_wconf 88' lang='lat' dir='ltr'><strong>transmissurum,</strong></span> <span class='ocrx_word' id='word_1_54' title='bbox 978 1043 1173 1106; x_wconf 91' lang='lat' dir='ltr'><strong>quam</strong></span> <span class='ocrx_word' id='word_1_55' title='bbox 1218 1025 1500 1109; x_wconf 85' lang='lat' dir='ltr'><strong>potuerit</strong></span> <span class='ocrx_word' id='word_1_56' title='bbox 1545 1024 1883 1090; x_wconf 73' lang='lat' dir='ltr'><strong>conveniri.</strong></span> 
     </span>
    </p>

    <p class='ocr_par' dir='ltr' id='par_1_3' title="bbox 215 1130 2687 1428">
     <span class='ocr_line' id='line_1_8' title="bbox 358 1130 2687 1215; baseline 0 -21"><span class='ocrx_word' id='word_1_57' title='bbox 358 1130 890 1213; x_wconf 82' lang='lat' dir='ltr'><strong>Epistularum</strong></span> <span class='ocrx_word' id='word_1_58' title='bbox 935 1130 1242 1214; x_wconf 90' lang='lat' dir='ltr'><strong>Pompei</strong></span> <span class='ocrx_word' id='word_1_59' title='bbox 1291 1130 1599 1210; x_wconf 88' lang='lat' dir='ltr'><strong>duarum,</strong></span> <span class='ocrx_word' id='word_1_60' title='bbox 1656 1149 1816 1212; x_wconf 87' lang='lat' dir='ltr'><strong>quas</strong></span> <span class='ocrx_word' id='word_1_61' title='bbox 1872 1131 1954 1197; x_wconf 88' lang='lat' dir='ltr'><strong>ad</strong></span> <span class='ocrx_word' id='word_1_62' title='bbox 2009 1150 2113 1197; x_wconf 90' lang='lat' dir='ltr'><strong>me</strong></span> <span class='ocrx_word' id='word_1_63' title='bbox 2158 1132 2361 1211; x_wconf 87' lang='lat' dir='ltr'><strong>misit,</strong></span> <span class='ocrx_word' id='word_1_64' title='bbox 2419 1132 2687 1215; x_wconf 67' lang='lat' dir='ltr'><strong>negle-15</strong></span> 
     </span>
     <span class='ocr_line' id='line_1_9' title="bbox 216 1236 2631 1320; baseline 0.001 -20"><span class='ocrx_word' id='word_1_65' title='bbox 216 1237 461 1317; x_wconf 84' lang='lat' dir='ltr'><strong>gentiam</strong></span> <span class='ocrx_word' id='word_1_66' title='bbox 492 1256 833 1319; x_wconf 83' lang='lat' dir='ltr'><strong>meamque</strong></span> <span class='ocrx_word' id='word_1_67' title='bbox 865 1237 933 1301; x_wconf 92' lang='lat' dir='ltr'><strong>in</strong></span> <span class='ocrx_word' id='word_1_68' title='bbox 964 1236 1365 1303; x_wconf 89' lang='lat' dir='ltr'><strong>rescribendo</strong></span> <span class='ocrx_word' id='word_1_69' title='bbox 1398 1237 1796 1320; x_wconf 82' lang='lat' dir='ltr'><strong>diligentiam</strong></span> <span class='ocrx_word' id='word_1_70' title='bbox 1827 1238 1999 1303; x_wconf 80' lang='lat' dir='ltr'><strong>volui</strong></span> <span class='ocrx_word' id='word_1_71' title='bbox 2043 1238 2163 1303; x_wconf 91' lang='lat' dir='ltr'><strong>tibi</strong></span> <span class='ocrx_word' id='word_1_72' title='bbox 2192 1241 2411 1307; x_wconf 84' lang='lat' dir='ltr'><strong>notam</strong></span> <span class='ocrx_word' id='word_1_73' title='bbox 2438 1257 2631 1304; x_wconf 72' lang='lat' dir='ltr'><strong>cesse:</strong></span> 
     </span>
     <span class='ocr_line' id='line_1_10' title="bbox 215 1344 1181 1428; baseline 0.001 -22"><span class='ocrx_word' id='word_1_74' title='bbox 215 1360 400 1408; x_wconf 86' lang='lat' dir='ltr'><strong>earum</strong></span> <span class='ocrx_word' id='word_1_75' title='bbox 443 1345 731 1428; x_wconf 84' lang='lat' dir='ltr'><strong>exempla</strong></span> <span class='ocrx_word' id='word_1_76' title='bbox 779 1344 858 1409; x_wconf 88' lang='lat' dir='ltr'><strong>ad</strong></span> <span class='ocrx_word' id='word_1_77' title='bbox 905 1346 970 1408; x_wconf 89' lang='lat' dir='ltr'><strong>te</strong></span> <span class='ocrx_word' id='word_1_78' title='bbox 1016 1344 1181 1409; x_wconf 90' lang='lat' dir='ltr'><strong>misi.</strong></span> 
     </span>
    </p>

    <p class='ocr_par' dir='ltr' id='par_1_4' title="bbox 208 1450 2682 2169">
     <span class='ocr_line' id='line_1_11' title="bbox 360 1450 2682 1535; baseline -0.002 -19"><span class='ocrx_word' id='word_1_79' title='bbox 360 1450 707 1516; x_wconf 82' lang='lat' dir='ltr'><strong>Caesaris</strong></span> <span class='ocrx_word' id='word_1_80' title='bbox 754 1451 876 1516; x_wconf 91' lang='lat' dir='ltr'><strong>hic</strong></span> <span class='ocrx_word' id='word_1_81' title='bbox 919 1469 1051 1534; x_wconf 90' lang='lat' dir='ltr'><strong>per</strong></span> <span class='ocrx_word' id='word_1_82' title='bbox 1079 1451 1433 1535; x_wconf 82' lang='lat' dir='ltr'><strong>Apuliam</strong></span> <span class='ocrx_word' id='word_1_83' title='bbox 1480 1451 1570 1515; x_wconf 89' lang='lat' dir='ltr'><strong>ad</strong></span> <span class='ocrx_word' id='word_1_84' title='bbox 1609 1450 2110 1516; x_wconf 87' lang='lat' dir='ltr'><strong>Brundisium</strong></span> <span class='ocrx_word' id='word_1_85' title='bbox 2156 1470 2431 1517; x_wconf 90' lang='lat' dir='ltr'><strong>cursus</strong></span> <span class='ocrx_word' id='word_1_86' title='bbox 2479 1451 2682 1533; x_wconf 74' lang='lat' dir='ltr'><strong>quid-1</strong></span> 
     </span>
     <span class='ocr_line' id='line_1_12' title="bbox 213 1555 2632 1641; baseline 0.002 -23"><span class='ocrx_word' id='word_1_87' title='bbox 213 1555 437 1634; x_wconf 85' lang='lat' dir='ltr'><strong>efficiat,</strong></span> <span class='ocrx_word' id='word_1_88' title='bbox 492 1560 819 1641; x_wconf 85' lang='lat' dir='ltr'><strong>exspecto:</strong></span> <span class='ocrx_word' id='word_1_89' title='bbox 880 1558 1131 1622; x_wconf 88' lang='lat' dir='ltr'><strong>utinam</strong></span> <span class='ocrx_word' id='word_1_90' title='bbox 1187 1557 1426 1640; x_wconf 89' lang='lat' dir='ltr'><strong>aliquid</strong></span> <span class='ocrx_word' id='word_1_91' title='bbox 1487 1557 1694 1623; x_wconf 91' lang='lat' dir='ltr'><strong>simile</strong></span> <span class='ocrx_word' id='word_1_92' title='bbox 1749 1557 2066 1622; x_wconf 89' lang='lat' dir='ltr'><strong>Parthicis</strong></span> <span class='ocrx_word' id='word_1_93' title='bbox 2121 1558 2345 1623; x_wconf 83' lang='lat' dir='ltr'><strong>rebus!</strong></span> <span class='ocrx_word' id='word_1_94' title='bbox 2425 1556 2632 1622; x_wconf 90' lang='lat' dir='ltr'><strong>Simul</strong></span> 
     </span>
     <span class='ocr_line' id='line_1_13' title="bbox 213 1661 2629 1744; baseline 0.001 -19"><span class='ocrx_word' id='word_1_95' title='bbox 213 1661 417 1744; x_wconf 83' lang='lat' dir='ltr'><strong>aliquid</strong></span> <span class='ocrx_word' id='word_1_96' title='bbox 447 1664 723 1741; x_wconf 89' lang='lat' dir='ltr'><strong>audiero,</strong></span> <span class='ocrx_word' id='word_1_97' title='bbox 770 1664 1045 1729; x_wconf 88' lang='lat' dir='ltr'><strong>scribam</strong></span> <span class='ocrx_word' id='word_1_98' title='bbox 1076 1663 1156 1728; x_wconf 89' lang='lat' dir='ltr'><strong>ad</strong></span> <span class='ocrx_word' id='word_1_99' title='bbox 1204 1666 1299 1741; x_wconf 81' lang='lat' dir='ltr'><strong>te3</strong></span> <span class='ocrx_word' id='word_1_100' title='bbox 1346 1666 1422 1729; x_wconf 91' lang='lat' dir='ltr'><strong>tu</strong></span> <span class='ocrx_word' id='word_1_101' title='bbox 1454 1664 1535 1729; x_wconf 91' lang='lat' dir='ltr'><strong>ad</strong></span> <span class='ocrx_word' id='word_1_102' title='bbox 1576 1682 1679 1729; x_wconf 91' lang='lat' dir='ltr'><strong>me</strong></span> <span class='ocrx_word' id='word_1_103' title='bbox 1710 1664 1902 1729; x_wconf 85' lang='lat' dir='ltr'><strong>velim</strong></span> <span class='ocrx_word' id='word_1_104' title='bbox 1931 1664 2243 1728; x_wconf 91' lang='lat' dir='ltr'><strong>bonorum</strong></span> <span class='ocrx_word' id='word_1_105' title='bbox 2273 1682 2629 1730; x_wconf 89' lang='lat' dir='ltr'><strong>sermones:</strong></span> 
     </span>
     <span class='ocr_line' id='line_1_14' title="bbox 212 1768 2632 1853; baseline 0.001 -21"><span class='ocrx_word' id='word_1_106' title='bbox 212 1768 417 1834; x_wconf 88' lang='lat' dir='ltr'><strong>Romae</strong></span> <span class='ocrx_word' id='word_1_107' title='bbox 467 1769 835 1853; x_wconf 87' lang='lat' dir='ltr'><strong>frequentes</strong></span> <span class='ocrx_word' id='word_1_108' title='bbox 894 1788 1031 1835; x_wconf 89' lang='lat' dir='ltr'><strong>esse</strong></span> <span class='ocrx_word' id='word_1_109' title='bbox 1091 1769 1408 1836; x_wconf 89' lang='lat' dir='ltr'><strong>dicuntur.</strong></span> <span class='ocrx_word' id='word_1_110' title='bbox 1516 1769 1658 1836; x_wconf 85' lang='lat' dir='ltr'><strong>Scio</strong></span> <span class='ocrx_word' id='word_1_111' title='bbox 1713 1769 2010 1853; x_wconf 88' lang='lat' dir='ltr'><strong>equidem</strong></span> <span class='ocrx_word' id='word_1_112' title='bbox 2063 1772 2128 1834; x_wconf 85' lang='lat' dir='ltr'><strong>te</strong></span> <span class='ocrx_word' id='word_1_113' title='bbox 2182 1769 2249 1836; x_wconf 86' lang='lat' dir='ltr'><strong>in</strong></span> <span class='ocrx_word' id='word_1_114' title='bbox 2303 1770 2632 1853; x_wconf 91' lang='lat' dir='ltr'><strong>publicum</strong></span> 
     </span>
     <span class='ocr_line' id='line_1_15' title="bbox 212 1875 2632 1959; baseline 0.001 -21"><span class='ocrx_word' id='word_1_115' title='bbox 212 1893 313 1938; x_wconf 89' lang='lat' dir='ltr'><strong>non</strong></span> <span class='ocrx_word' id='word_1_116' title='bbox 362 1876 631 1959; x_wconf 88' lang='lat' dir='ltr'><strong>prodire,</strong></span> <span class='ocrx_word' id='word_1_117' title='bbox 697 1876 810 1941; x_wconf 88' lang='lat' dir='ltr'><strong>sed</strong></span> <span class='ocrx_word' id='word_1_118' title='bbox 874 1880 1094 1941; x_wconf 89' lang='lat' dir='ltr'><strong>tamen</strong></span> <span class='ocrx_word' id='word_1_119' title='bbox 1150 1875 1368 1941; x_wconf 89' lang='lat' dir='ltr'><strong>audire</strong></span> <span class='ocrx_word' id='word_1_120' title='bbox 1434 1879 1499 1941; x_wconf 88' lang='lat' dir='ltr'><strong>te</strong></span> <span class='ocrx_word' id='word_1_121' title='bbox 1563 1877 1774 1941; x_wconf 86' lang='lat' dir='ltr'><strong>multa</strong></span> <span class='ocrx_word' id='word_1_122' title='bbox 1826 1894 2083 1941; x_wconf 88' lang='lat' dir='ltr'><strong>necesse</strong></span> <span class='ocrx_word' id='word_1_123' title='bbox 2150 1877 2267 1941; x_wconf 89' lang='lat' dir='ltr'><strong>est.</strong></span> <span class='ocrx_word' id='word_1_124' title='bbox 2365 1875 2632 1941; x_wconf 86' lang='lat' dir='ltr'><strong>Memini</strong></span> 
     </span>
     <span class='ocr_line' id='line_1_16' title="bbox 210 1979 2631 2067; baseline 0.001 -24"><span class='ocrx_word' id='word_1_125' title='bbox 210 1979 410 2045; x_wconf 91' lang='lat' dir='ltr'><strong>librum</strong></span> <span class='ocrx_word' id='word_1_126' title='bbox 452 1983 569 2047; x_wconf 89' lang='lat' dir='ltr'><strong>tibi</strong></span> <span class='ocrx_word' id='word_1_127' title='bbox 615 1981 850 2047; x_wconf 89' lang='lat' dir='ltr'><strong>adferri</strong></span> <span class='ocrx_word' id='word_1_128' title='bbox 897 2000 935 2046; x_wconf 96' lang='lat' dir='ltr'><strong>a</strong></span> <span class='ocrx_word' id='word_1_129' title='bbox 964 1981 1292 2047; x_wconf 88' lang='lat' dir='ltr'><strong>Demetrio</strong></span> <span class='ocrx_word' id='word_1_130' title='bbox 1331 1981 1634 2064; x_wconf 83' lang='lat' dir='ltr'><strong>Magnete</strong></span> <span class='ocrx_word' id='word_1_131' title='bbox 1680 1981 1762 2047; x_wconf 90' lang='lat' dir='ltr'><strong>ad</strong></span> <span class='ocrx_word' id='word_1_132' title='bbox 1808 1983 1871 2046; x_wconf 86' lang='lat' dir='ltr'><strong>te</strong></span> <span class='ocrx_word' id='word_1_133' title='bbox 1917 1981 2187 2046; x_wconf 90' lang='lat' dir='ltr'><strong>missum</strong></span> <span class='ocrx_word' id='word_1_134' title='bbox 2238 1982 2427 2064; x_wconf 91' lang='lat' dir='ltr'><strong>[scio]</strong></span> <span class='ocrx_word' id='word_1_135' title='bbox 2475 1980 2631 2067; x_wconf 79' lang='grc' dir='ltr'><strong><em>περὶ</em></strong></span> 
     </span>
     <span class='ocr_line' id='line_1_17' title="bbox 208 2083 2629 2169; baseline 0.001 -20"><span class='ocrx_word' id='word_1_136' title='bbox 208 2083 492 2166; x_wconf 78' lang='grc' dir='ltr'><strong><em>ὁμονοίας.</em></strong></span> <span class='ocrx_word' id='word_1_137' title='bbox 557 2089 728 2153; x_wconf 87' lang='lat' dir='ltr'><strong>Eum</strong></span> <span class='ocrx_word' id='word_1_138' title='bbox 774 2088 932 2153; x_wconf 91' lang='lat' dir='ltr'><strong>mihi</strong></span> <span class='ocrx_word' id='word_1_139' title='bbox 977 2088 1169 2153; x_wconf 80' lang='lat' dir='ltr'><strong>velim</strong></span> <span class='ocrx_word' id='word_1_140' title='bbox 1215 2088 1457 2152; x_wconf 88' lang='lat' dir='ltr'><strong>mittas.</strong></span> <span class='ocrx_word' id='word_1_141' title='bbox 1529 2087 1747 2165; x_wconf 91' lang='lat' dir='ltr'><strong>Vides,</strong></span> <span class='ocrx_word' id='word_1_142' title='bbox 1794 2106 1989 2169; x_wconf 90' lang='lat' dir='ltr'><strong>quam</strong></span> <span class='ocrx_word' id='word_1_143' title='bbox 2035 2104 2296 2152; x_wconf 91' lang='lat' dir='ltr'><strong>causam</strong></span> <span class='ocrx_word' id='word_1_144' title='bbox 2341 2086 2629 2153; x_wconf 90' lang='lat' dir='ltr'><strong>mediter.</strong></span> 
     </span>
    </p>
   </div>
   <div class='ocr_carea' id='block_1_3' title="bbox 422 2258 2378 2441">
    <p class='ocr_par' dir='ltr' id='par_1_5' title="bbox 422 2258 2378 2441">
     <span class='ocr_line' id='line_1_18' title="bbox 958 2258 1836 2345; baseline -0.001 -16"><span class='ocrx_word' id='word_1_145' title='bbox 958 2265 1146 2329; x_wconf 86' lang='lat' dir='ltr'><strong>XXII</strong></span> <span class='ocrx_word' id='word_1_146' title='bbox 1193 2269 1294 2345; x_wconf 84' lang='lat' dir='ltr'><strong>(ad</strong></span> <span class='ocrx_word' id='word_1_147' title='bbox 1323 2258 1450 2329; x_wconf 83' lang='lat' dir='ltr'><strong>Att.</strong></span> <span class='ocrx_word' id='word_1_148' title='bbox 1484 2272 1586 2343; x_wconf 88' lang='lat' dir='ltr'><strong>IX,</strong></span> <span class='ocrx_word' id='word_1_149' title='bbox 1621 2271 1701 2330; x_wconf 82' lang='lat'><strong>15</strong></span> <span class='ocrx_word' id='word_1_150' title='bbox 1718 2269 1836 2341; x_wconf 84' lang='lat' dir='ltr'><strong>A.).</strong></span> 
     </span>
     <span class='ocr_line' id='line_1_19' title="bbox 422 2368 2378 2441; baseline 0.001 -16"><span class='ocrx_word' id='word_1_151' title='bbox 422 2371 527 2427; x_wconf 85' lang='lat' dir='ltr'><strong>Sor.</strong></span> <span class='ocrx_word' id='word_1_152' title='bbox 556 2372 613 2426; x_wconf 88' lang='lat' dir='ltr'><strong>in</strong></span> <span class='ocrx_word' id='word_1_153' title='bbox 640 2371 829 2425; x_wconf 89' lang='lat' dir='ltr'><strong>itinere</strong></span> <span class='ocrx_word' id='word_1_154' title='bbox 858 2371 1066 2426; x_wconf 88' lang='lat' dir='ltr'><strong>circiter</strong></span> <span class='ocrx_word' id='word_1_155' title='bbox 1092 2388 1139 2426; x_wconf 89' lang='lat' dir='ltr'><strong>a.</strong></span> <span class='ocrx_word' id='word_1_156' title='bbox 1170 2370 1221 2426; x_wconf 86' lang='lat' dir='ltr'><strong>d.</strong></span> <span class='ocrx_word' id='word_1_157' title='bbox 1251 2370 1316 2427; x_wconf 88' lang='lat' dir='ltr'><strong>X.</strong></span> <span class='ocrx_word' id='word_1_158' title='bbox 1346 2369 1615 2426; x_wconf 86' lang='lat' dir='ltr'><strong>Kalendas</strong></span> <span class='ocrx_word' id='word_1_159' title='bbox 1641 2368 1852 2441; x_wconf 89' lang='lat' dir='ltr'><strong>Apriles</strong></span> <span class='ocrx_word' id='word_1_160' title='bbox 1879 2388 1925 2426; x_wconf 89' lang='lat' dir='ltr'><strong>a.</strong></span> <span class='ocrx_word' id='word_1_161' title='bbox 1956 2388 2006 2426; x_wconf 94' lang='lat' dir='ltr'><strong>u.</strong></span> <span class='ocrx_word' id='word_1_162' title='bbox 2036 2388 2079 2426; x_wconf 89' lang='lat' dir='ltr'><strong>c.</strong></span> <span class='ocrx_word' id='word_1_163' title='bbox 2110 2370 2215 2426; x_wconf 79' lang='lat'><strong>705</strong></span> <span class='ocrx_word' id='word_1_164' title='bbox 2250 2369 2378 2438; x_wconf 82' lang='lat'><strong>(49).</strong></span> 
     </span>
    </p>
   </div>
   <div class='ocr_carea' id='block_1_4' title="bbox 271 2476 2556 2556">
    <p class='ocr_par' dir='ltr' id='par_1_6' title="bbox 271 2476 2556 2556">
     <span class='ocr_line' id='line_1_20' title="bbox 271 2476 2556 2556; baseline 0.001 -4"><span class='ocrx_word' id='word_1_165' title='bbox 271 2478 637 2555; x_wconf 85' lang='lat' dir='ltr'><strong>MATIUS</strong></span> <span class='ocrx_word' id='word_1_166' title='bbox 693 2478 830 2554; x_wconf 87' lang='lat' dir='ltr'><strong>ET</strong></span> <span class='ocrx_word' id='word_1_167' title='bbox 890 2476 1472 2555; x_wconf 86' lang='lat' dir='ltr'><strong>TREBATIUS</strong></span> <span class='ocrx_word' id='word_1_168' title='bbox 1533 2477 2019 2554; x_wconf 83' lang='lat' dir='ltr'>CICERONI</span> <span class='ocrx_word' id='word_1_169' title='bbox 2075 2479 2283 2554; x_wconf 91' lang='lat' dir='ltr'><strong>IMP.</strong></span> <span class='ocrx_word' id='word_1_170' title='bbox 2342 2478 2556 2556; x_wconf 86' lang='lat' dir='ltr'><strong>SAL.</strong></span> 
     </span>
    </p>
   </div>
   <div class='ocr_carea' id='block_1_5' title="bbox 207 2620 2628 2812">
    <p class='ocr_par' dir='ltr' id='par_1_7' title="bbox 207 2620 2628 2812">
     <span class='ocr_line' id='line_1_21' title="bbox 356 2620 2628 2704; baseline 0 -19"><span class='ocrx_word' id='word_1_171' title='bbox 356 2620 512 2685; x_wconf 89' lang='lat' dir='ltr'><strong>Cum</strong></span> <span class='ocrx_word' id='word_1_172' title='bbox 577 2620 799 2704; x_wconf 87' lang='lat' dir='ltr'><strong>Capua</strong></span> <span class='ocrx_word' id='word_1_173' title='bbox 870 2621 1256 2697; x_wconf 84' lang='lat' dir='ltr'><strong>exissemus,</strong></span> <span class='ocrx_word' id='word_1_174' title='bbox 1324 2620 1390 2684; x_wconf 90' lang='lat' dir='ltr'><strong>in</strong></span> <span class='ocrx_word' id='word_1_175' title='bbox 1459 2620 1686 2685; x_wconf 90' lang='lat' dir='ltr'><strong>itinere</strong></span> <span class='ocrx_word' id='word_1_176' title='bbox 1758 2620 2117 2685; x_wconf 84' lang='lat' dir='ltr'><strong>audivimus</strong></span> <span class='ocrx_word' id='word_1_177' title='bbox 2187 2620 2628 2704; x_wconf 88' lang='lat' dir='ltr'><strong>Pompeium</strong></span> 
     </span>
     <span class='ocr_line' id='line_1_22' title="bbox 207 2722 2625 2812; baseline 0.002 -26"><span class='ocrx_word' id='word_1_178' title='bbox 207 2722 584 2792; x_wconf 89' lang='lat' dir='ltr'><strong>Brundisio</strong></span> <span class='ocrx_word' id='word_1_179' title='bbox 633 2745 689 2792; x_wconf 92' lang='lat' dir='ltr'><strong>a.</strong></span> <span class='ocrx_word' id='word_1_180' title='bbox 737 2727 794 2791; x_wconf 93' lang='lat' dir='ltr'><strong>d.</strong></span> <span class='ocrx_word' id='word_1_181' title='bbox 842 2747 993 2812; x_wconf 68' lang='lat' dir='ltr'><strong>xvi.</strong></span> <span class='ocrx_word' id='word_1_182' title='bbox 1039 2727 1119 2790; x_wconf 89' lang='lat' dir='ltr'><strong>K.</strong></span> <span class='ocrx_word' id='word_1_183' title='bbox 1162 2727 1465 2810; x_wconf 84' lang='lat' dir='ltr'><strong>Apriles</strong></span> <span class='ocrx_word' id='word_1_184' title='bbox 1514 2746 1681 2791; x_wconf 92' lang='lat' dir='ltr'><strong>cum</strong></span> <span class='ocrx_word' id='word_1_185' title='bbox 1727 2727 2073 2792; x_wconf 90' lang='lat' dir='ltr'><strong>omnibus</strong></span> <span class='ocrx_word' id='word_1_186' title='bbox 2122 2727 2388 2809; x_wconf 59' lang='lat' dir='ltr'><strong>copiis»,</strong></span> <span class='ocrx_word' id='word_1_187' title='bbox 2437 2745 2625 2808; x_wconf 90' lang='lat' dir='ltr'><strong>quas</strong></span> 
     </span>
    </p>
   </div>
   <div class='ocr_carea' id='block_1_6' title="bbox 375 2856 594 2863">
    <p class='ocr_par' dir='ltr' id='par_1_8' title="bbox 375 2856 594 2863">
     <span class='ocr_line' id='line_1_23' title="bbox 375 2856 594 2863; baseline 0 1963"><span class='ocrx_word' id='word_1_188' title='bbox 375 2856 594 2863; x_wconf 95' lang='lat' dir='ltr'><strong> </strong></span> 
     </span>
    </p>
   </div>
   <div class='ocr_carea' id='block_1_7' title="bbox 194 2908 2625 3788">
    <p class='ocr_par' dir='ltr' id='par_1_9' title="bbox 203 2908 2625 3166">
     <span class='ocr_line' id='line_1_24' title="bbox 326 2908 2624 2990; baseline 0 -16"><span class='ocrx_word' id='word_1_189' title='bbox 326 2933 367 2975; x_wconf 83' lang='lat'><strong>5.</strong></span> <span class='ocrx_word' id='word_1_190' title='bbox 401 2921 469 2976; x_wconf 90' lang='lat' dir='ltr'><strong>L.</strong></span> <span class='ocrx_word' id='word_1_191' title='bbox 509 2921 800 2978; x_wconf 74' lang='lat' dir='ltr'><strong>Cornelius</strong></span> <span class='ocrx_word' id='word_1_192' title='bbox 834 2921 1053 2976; x_wconf 76' lang='lat' dir='ltr'><strong>Balbus</strong></span> <span class='ocrx_word' id='word_1_193' title='bbox 1087 2908 1292 2990; x_wconf 62' lang='lat' dir='ltr'><strong>minor]</strong></span> <span class='ocrx_word' id='word_1_194' title='bbox 1329 2921 1413 2974; x_wconf 91' lang='lat' dir='ltr'><strong>ein</strong></span> <span class='ocrx_word' id='word_1_195' title='bbox 1450 2919 1846 2975; x_wconf 85' lang='lat' dir='ltr'><strong>entechiedener</strong></span> <span class='ocrx_word' id='word_1_196' title='bbox 1881 2918 2187 2975; x_wconf 71' lang='lat' dir='ltr'><strong>casarianer</strong></span> <span class='ocrx_word' id='word_1_197' title='bbox 2202 2962 2217 2989; x_wconf 85' lang='lat'><strong>,</strong></span> <span class='ocrx_word' id='word_1_198' title='bbox 2254 2921 2347 2974; x_wconf 93' lang='lat' dir='ltr'><strong>der</strong></span> <span class='ocrx_word' id='word_1_199' title='bbox 2381 2920 2483 2974; x_wconf 90' lang='lat' dir='ltr'><strong>mit</strong></span> <span class='ocrx_word' id='word_1_200' title='bbox 2519 2920 2624 2976; x_wconf 90' lang='lat' dir='ltr'><strong>Cic.</strong></span> 
     </span>
     <span class='ocr_line' id='line_1_25' title="bbox 203 3005 2625 3079; baseline 0 -17"><span class='ocrx_word' id='word_1_201' title='bbox 203 3005 473 3063; x_wconf 77' lang='lat' dir='ltr'><strong>befreundet</strong></span> <span class='ocrx_word' id='word_1_202' title='bbox 507 3026 631 3064; x_wconf 85' lang='lat' dir='ltr'><strong>war.</strong></span> <span class='ocrx_word' id='word_1_203' title='bbox 668 3038 741 3047; x_wconf 93' lang='lat'><strong>—</strong></span> <span class='ocrx_word' id='word_1_204' title='bbox 776 3008 1079 3076; x_wconf 72' lang='lat' dir='ltr'><strong>Lentulus]</strong></span> <span class='ocrx_word' id='word_1_205' title='bbox 1118 3009 1211 3063; x_wconf 91' lang='lat' dir='ltr'><strong>der</strong></span> <span class='ocrx_word' id='word_1_206' title='bbox 1247 3009 1343 3063; x_wconf 82' lang='lat' dir='ltr'><strong>wie</strong></span> <span class='ocrx_word' id='word_1_207' title='bbox 1379 3009 1559 3079; x_wconf 90' lang='lat' dir='ltr'><strong>Pomp.</strong></span> <span class='ocrx_word' id='word_1_208' title='bbox 1594 3008 1730 3078; x_wconf 88' lang='lat' dir='ltr'><strong>jetzt</strong></span> <span class='ocrx_word' id='word_1_209' title='bbox 1765 3008 1899 3062; x_wconf 87' lang='lat' dir='ltr'><strong>auch</strong></span> <span class='ocrx_word' id='word_1_210' title='bbox 1935 3008 1990 3062; x_wconf 91' lang='lat' dir='ltr'><strong>in</strong></span> <span class='ocrx_word' id='word_1_211' title='bbox 2027 3007 2366 3065; x_wconf 86' lang='lat' dir='ltr'><strong>Brundisium</strong></span> <span class='ocrx_word' id='word_1_212' title='bbox 2402 3025 2526 3063; x_wconf 82' lang='lat' dir='ltr'><strong>war.</strong></span> <span class='ocrx_word' id='word_1_213' title='bbox 2557 3038 2625 3047; x_wconf 89' lang='lat'><strong>—</strong></span> 
     </span>
     <span class='ocr_line' id='line_1_26' title="bbox 203 3095 1711 3166; baseline 0.003 -21"><span class='ocrx_word' id='word_1_214' title='bbox 203 3098 652 3166; x_wconf 58' lang='lat' dir='ltr'><strong>amissurum]</strong></span> <span class='ocrx_word' id='word_1_215' title='bbox 690 3114 762 3153; x_wconf 89' lang='lat' dir='ltr'><strong>sc.</strong></span> <span class='ocrx_word' id='word_1_216' title='bbox 799 3097 1104 3153; x_wconf 78' lang='lat' dir='ltr'><strong>Lentulum</strong></span> <span class='ocrx_word' id='word_1_217' title='bbox 1139 3097 1273 3152; x_wconf 84' lang='lat' dir='ltr'><strong>nach</strong></span> <span class='ocrx_word' id='word_1_218' title='bbox 1312 3095 1711 3151; x_wconf 83' lang='lat' dir='ltr'><strong>Griechenland.</strong></span> 
     </span>
    </p>

    <p class='ocr_par' dir='ltr' id='par_1_10' title="bbox 323 3187 1145 3258">
     <span class='ocr_line' id='line_1_27' title="bbox 323 3187 1145 3258; baseline 0.004 -19"><span class='ocrx_word' id='word_1_219' title='bbox 323 3199 365 3242; x_wconf 82' lang='lat' dir='ltr'><strong>e.</strong></span> <span class='ocrx_word' id='word_1_220' title='bbox 400 3187 665 3258; x_wconf 70' lang='lat' dir='ltr'><strong>exempla]</strong></span> <span class='ocrx_word' id='word_1_221' title='bbox 705 3187 1145 3255; x_wconf 86' lang='lat' dir='ltr'><strong>„Abschriften“.</strong></span> 
     </span>
    </p>

    <p class='ocr_par' dir='ltr' id='par_1_11' title="bbox 194 3274 2625 3788">
     <span class='ocr_line' id='line_1_28' title="bbox 322 3274 2625 3344; baseline 0 -17"><span class='ocrx_word' id='word_1_222' title='bbox 322 3289 364 3330; x_wconf 85' lang='lat'><strong>7.</strong></span> <span class='ocrx_word' id='word_1_223' title='bbox 401 3276 617 3344; x_wconf 73' lang='lat' dir='ltr'><strong>cwrsus]</strong></span> <span class='ocrx_word' id='word_1_224' title='bbox 658 3275 1054 3342; x_wconf 84' lang='lat' dir='ltr'><strong>„Eilmarsch“.</strong></span> <span class='ocrx_word' id='word_1_225' title='bbox 1093 3306 1158 3315; x_wconf 92' lang='lat'>—</span> <span class='ocrx_word' id='word_1_226' title='bbox 1199 3275 1484 3330; x_wconf 78' lang='lat' dir='ltr'><strong>Parthicis</strong></span> <span class='ocrx_word' id='word_1_227' title='bbox 1510 3276 1691 3344; x_wconf 79' lang='lat' dir='ltr'><strong>rebus]</strong></span> <span class='ocrx_word' id='word_1_228' title='bbox 1730 3274 1803 3329; x_wconf 87' lang='lat' dir='ltr'><strong>Er</strong></span> <span class='ocrx_word' id='word_1_229' title='bbox 1829 3275 2085 3341; x_wconf 78' lang='lat' dir='ltr'><strong>wiinscht,</strong></span> <span class='ocrx_word' id='word_1_230' title='bbox 2125 3275 2242 3329; x_wconf 83' lang='lat' dir='ltr'><strong>dass</strong></span> <span class='ocrx_word' id='word_1_231' title='bbox 2279 3274 2363 3329; x_wconf 89' lang='lat' dir='ltr'><strong>die</strong></span> <span class='ocrx_word' id='word_1_232' title='bbox 2395 3275 2625 3344; x_wconf 88' lang='lat' dir='ltr'><strong>jetzigen</strong></span> 
     </span>
     <span class='ocr_line' id='line_1_29' title="bbox 200 3358 2625 3430; baseline 0 -15"><span class='ocrx_word' id='word_1_233' title='bbox 200 3358 531 3420; x_wconf 73' lang='lat' dir='ltr'><strong>Verhiiltnisse</strong></span> <span class='ocrx_word' id='word_1_234' title='bbox 559 3365 727 3418; x_wconf 89' lang='lat' dir='ltr'><strong>denen</strong></span> <span class='ocrx_word' id='word_1_235' title='bbox 753 3365 837 3418; x_wconf 90' lang='lat' dir='ltr'><strong>bei</strong></span> <span class='ocrx_word' id='word_1_236' title='bbox 865 3364 968 3418; x_wconf 88' lang='lat' dir='ltr'><strong>den</strong></span> <span class='ocrx_word' id='word_1_237' title='bbox 995 3361 1257 3419; x_wconf 88' lang='lat' dir='ltr'><strong>Parthern</strong></span> <span class='ocrx_word' id='word_1_238' title='bbox 1285 3364 1548 3418; x_wconf 67' lang='lat' dir='ltr'><strong>ahnelten.</strong></span> <span class='ocrx_word' id='word_1_239' title='bbox 1600 3364 1758 3418; x_wconf 87' lang='lat' dir='ltr'><strong>Diese</strong></span> <span class='ocrx_word' id='word_1_240' title='bbox 1784 3364 1942 3419; x_wconf 85' lang='lat' dir='ltr'><strong>fallen</strong></span> <span class='ocrx_word' id='word_1_241' title='bbox 1972 3365 2126 3418; x_wconf 87' lang='lat' dir='ltr'><strong>rasch</strong></span> <span class='ocrx_word' id='word_1_242' title='bbox 2151 3365 2252 3430; x_wconf 90' lang='lat' dir='ltr'><strong>ein,</strong></span> <span class='ocrx_word' id='word_1_243' title='bbox 2282 3362 2625 3417; x_wconf 86' lang='lat' dir='ltr'><strong>verursachen</strong></span> 
     </span>
     <span class='ocr_line' id='line_1_30' title="bbox 197 3449 2625 3520; baseline -0.001 -15"><span class='ocrx_word' id='word_1_244' title='bbox 197 3451 379 3515; x_wconf 74' lang='lat' dir='ltr'><strong>grossen</strong></span> <span class='ocrx_word' id='word_1_245' title='bbox 413 3453 703 3508; x_wconf 87' lang='lat' dir='ltr'><strong>Schrecken</strong></span> <span class='ocrx_word' id='word_1_246' title='bbox 718 3495 732 3520; x_wconf 93' lang='lat'>‚</span> <span class='ocrx_word' id='word_1_247' title='bbox 780 3453 1051 3507; x_wconf 81' lang='lat' dir='ltr'><strong>verziehen</strong></span> <span class='ocrx_word' id='word_1_248' title='bbox 1103 3452 1215 3507; x_wconf 86' lang='lat' dir='ltr'><strong>sich</strong></span> <span class='ocrx_word' id='word_1_249' title='bbox 1264 3453 1388 3506; x_wconf 88' lang='lat' dir='ltr'><strong>aber</strong></span> <span class='ocrx_word' id='word_1_250' title='bbox 1424 3452 1557 3506; x_wconf 88' lang='lat' dir='ltr'><strong>auch</strong></span> <span class='ocrx_word' id='word_1_251' title='bbox 1595 3451 1782 3506; x_wconf 83' lang='lat' dir='ltr'><strong>wieder</strong></span> <span class='ocrx_word' id='word_1_252' title='bbox 1830 3452 2009 3519; x_wconf 87' lang='lat' dir='ltr'><strong>raech,</strong></span> <span class='ocrx_word' id='word_1_253' title='bbox 2060 3452 2195 3506; x_wconf 87' lang='lat' dir='ltr'><strong>ohne</strong></span> <span class='ocrx_word' id='word_1_254' title='bbox 2242 3449 2625 3517; x_wconf 69' lang='lat' dir='ltr'><strong>iibermassigen</strong></span> 
     </span>
     <span class='ocr_line' id='line_1_31' title="bbox 197 3536 2623 3611; baseline 0 -19"><span class='ocrx_word' id='word_1_255' title='bbox 197 3536 404 3596; x_wconf 85' lang='lat' dir='ltr'><strong>Schaden</strong></span> <span class='ocrx_word' id='word_1_256' title='bbox 439 3542 771 3611; x_wconf 77' lang='lat' dir='ltr'><strong>angerichtet</strong></span> <span class='ocrx_word' id='word_1_257' title='bbox 807 3559 871 3596; x_wconf 83' lang='lat' dir='ltr'><strong>zu</strong></span> <span class='ocrx_word' id='word_1_258' title='bbox 908 3542 1095 3597; x_wconf 86' lang='lat' dir='ltr'><strong>haben.</strong></span> <span class='ocrx_word' id='word_1_259' title='bbox 1136 3572 1202 3582; x_wconf 86' lang='lat'><strong>--—</strong></span> <span class='ocrx_word' id='word_1_260' title='bbox 1242 3541 1319 3595; x_wconf 79' lang='lat' dir='ltr'><strong>ad</strong></span> <span class='ocrx_word' id='word_1_261' title='bbox 1357 3540 1463 3611; x_wconf 79' lang='lat' dir='ltr'><strong>me]</strong></span> <span class='ocrx_word' id='word_1_262' title='bbox 1508 3558 1580 3596; x_wconf 89' lang='lat' dir='ltr'><strong>sc.</strong></span> <span class='ocrx_word' id='word_1_263' title='bbox 1616 3542 1842 3597; x_wconf 80' lang='lat' dir='ltr'><strong>scribas.</strong></span> <span class='ocrx_word' id='word_1_264' title='bbox 1894 3571 1962 3580; x_wconf 89' lang='lat'><em>-</em></span> <span class='ocrx_word' id='word_1_265' title='bbox 2010 3539 2326 3595; x_wconf 76' lang='lat' dir='ltr'><strong>Demetrius</strong></span> <span class='ocrx_word' id='word_1_266' title='bbox 2365 3536 2623 3606; x_wconf 64' lang='lat' dir='ltr'><strong>Magnes]</strong></span> 
     </span>
     <span class='ocr_line' id='line_1_32' title="bbox 196 3626 2624 3698; baseline -0 -18"><span class='ocrx_word' id='word_1_267' title='bbox 196 3626 266 3680; x_wconf 84' lang='lat' dir='ltr'><strong>ein</strong></span> <span class='ocrx_word' id='word_1_268' title='bbox 297 3628 557 3686; x_wconf 82' lang='lat' dir='ltr'><strong>Professor</strong></span> <span class='ocrx_word' id='word_1_269' title='bbox 593 3632 688 3686; x_wconf 89' lang='lat' dir='ltr'><strong>der</strong></span> <span class='ocrx_word' id='word_1_270' title='bbox 722 3631 1117 3685; x_wconf 85' lang='lat' dir='ltr'><strong>Beredsamkeit</strong></span> <span class='ocrx_word' id='word_1_271' title='bbox 1152 3632 1206 3684; x_wconf 90' lang='lat' dir='ltr'><strong>in</strong></span> <span class='ocrx_word' id='word_1_272' title='bbox 1235 3631 1431 3698; x_wconf 86' lang='lat' dir='ltr'><strong>Athen,</strong></span> <span class='ocrx_word' id='word_1_273' title='bbox 1469 3629 1553 3684; x_wconf 90' lang='lat' dir='ltr'><strong>bei</strong></span> <span class='ocrx_word' id='word_1_274' title='bbox 1590 3630 1707 3684; x_wconf 90' lang='lat' dir='ltr'><strong>dem</strong></span> <span class='ocrx_word' id='word_1_275' title='bbox 1735 3628 1840 3685; x_wconf 89' lang='lat' dir='ltr'><strong>Cic.</strong></span> <span class='ocrx_word' id='word_1_276' title='bbox 1879 3629 2110 3683; x_wconf 90' lang='lat' dir='ltr'><strong>studiert</strong></span> <span class='ocrx_word' id='word_1_277' title='bbox 2145 3628 2312 3681; x_wconf 87' lang='lat' dir='ltr'><strong>hatte.</strong></span> <span class='ocrx_word' id='word_1_278' title='bbox 2349 3655 2421 3664; x_wconf 93' lang='lat'>—</span> <span class='ocrx_word' id='word_1_279' title='bbox 2457 3642 2624 3696; x_wconf 75' lang='lat' dir='ltr'><strong>quam</strong></span> 
     </span>
     <span class='ocr_line' id='line_1_33' title="bbox 194 3718 2016 3788; baseline 0.001 -19"><span class='ocrx_word' id='word_1_280' title='bbox 194 3729 394 3773; x_wconf 73' lang='lat' dir='ltr'><strong>causam</strong></span> <span class='ocrx_word' id='word_1_281' title='bbox 428 3720 679 3788; x_wconf 76' lang='lat' dir='ltr'><strong>mediter]</strong></span> <span class='ocrx_word' id='word_1_282' title='bbox 718 3719 945 3774; x_wconf 70' lang='lat' dir='ltr'><strong>namlich</strong></span> <span class='ocrx_word' id='word_1_283' title='bbox 983 3720 1068 3773; x_wconf 91' lang='lat' dir='ltr'><strong>die</strong></span> <span class='ocrx_word' id='word_1_284' title='bbox 1103 3718 1270 3788; x_wconf 85' lang='lat' dir='ltr'><strong>Frage</strong></span> <span class='ocrx_word' id='word_1_285' title='bbox 1306 3719 1439 3773; x_wconf 80' lang='lat' dir='ltr'><strong>nach</strong></span> <span class='ocrx_word' id='word_1_286' title='bbox 1476 3720 1621 3772; x_wconf 88' lang='lat' dir='ltr'><strong>einer</strong></span> <span class='ocrx_word' id='word_1_287' title='bbox 1653 3718 2016 3787; x_wconf 70' lang='lat' dir='ltr'><strong>Versohnung.</strong></span> 
     </span>
    </p>
   </div>
   <div class='ocr_carea' id='block_1_8' title="bbox 1277 3858 1497 3925">
    <p class='ocr_par' dir='ltr' id='par_1_12' title="bbox 1277 3858 1497 3925">
     <span class='ocr_line' id='line_1_34' title="bbox 1277 3858 1497 3925; baseline 0 0"><span class='ocrx_word' id='word_1_288' title='bbox 1277 3858 1497 3925; x_wconf 89' lang='lat' dir='ltr'><strong>XXII</strong></span> 
     </span>
    </p>
   </div>
   <div class='ocr_carea' id='block_1_9' title="bbox 194 3960 2628 4126">
    <p class='ocr_par' dir='ltr' id='par_1_13' title="bbox 194 3960 2628 4126">
     <span class='ocr_line' id='line_1_35' title="bbox 194 3960 2628 4038; baseline 0.001 -22"><span class='ocrx_word' id='word_1_289' title='bbox 194 3960 368 4020; x_wconf 75' lang='lat' dir='ltr'><strong>Matius</strong></span> <span class='ocrx_word' id='word_1_290' title='bbox 395 3969 504 4022; x_wconf 88' lang='lat' dir='ltr'><strong>und</strong></span> <span class='ocrx_word' id='word_1_291' title='bbox 530 3968 810 4022; x_wconf 88' lang='lat' dir='ltr'><strong>Trebatius</strong></span> <span class='ocrx_word' id='word_1_292' title='bbox 838 3969 1124 4022; x_wconf 87' lang='lat' dir='ltr'><strong>entbietem</strong></span> <span class='ocrx_word' id='word_1_293' title='bbox 1154 3967 1271 4021; x_wconf 90' lang='lat' dir='ltr'><strong>dem</strong></span> <span class='ocrx_word' id='word_1_294' title='bbox 1299 3967 1594 4038; x_wconf 85' lang='lat' dir='ltr'><strong>Imperator</strong></span> <span class='ocrx_word' id='word_1_295' title='bbox 1613 3966 1789 4022; x_wconf 87' lang='lat' dir='ltr'><strong>Cicero</strong></span> <span class='ocrx_word' id='word_1_296' title='bbox 1816 3967 1966 4021; x_wconf 88' lang='lat' dir='ltr'><strong>ihren</strong></span> <span class='ocrx_word' id='word_1_297' title='bbox 1985 3966 2164 4022; x_wconf 72' lang='lat' dir='ltr'><strong>GrusS.</strong></span> <span class='ocrx_word' id='word_1_298' title='bbox 2219 3966 2330 4020; x_wconf 87' lang='lat' dir='ltr'><strong>Auf</strong></span> <span class='ocrx_word' id='word_1_299' title='bbox 2353 3967 2444 4020; x_wconf 87' lang='lat' dir='ltr'><strong>der</strong></span> <span class='ocrx_word' id='word_1_300' title='bbox 2471 3965 2628 4020; x_wconf 85' lang='lat' dir='ltr'><strong>Reise</strong></span> 
     </span>
     <span class='ocr_line' id='line_1_36' title="bbox 675 4055 2113 4126; baseline 0 -16"><span class='ocrx_word' id='word_1_301' title='bbox 675 4056 930 4111; x_wconf 85' lang='lat' dir='ltr'><strong>zwischen</strong></span> <span class='ocrx_word' id='word_1_302' title='bbox 966 4055 1146 4126; x_wconf 89' lang='lat' dir='ltr'><strong>Capua.</strong></span> <span class='ocrx_word' id='word_1_303' title='bbox 1180 4056 1290 4110; x_wconf 90' lang='lat' dir='ltr'><strong>und</strong></span> <span class='ocrx_word' id='word_1_304' title='bbox 1325 4056 1682 4123; x_wconf 89' lang='lat' dir='ltr'><strong>Brundisium,</strong></span> <span class='ocrx_word' id='word_1_305' title='bbox 1720 4055 1807 4110; x_wconf 83' lang='lat'><strong>23.</strong></span> <span class='ocrx_word' id='word_1_306' title='bbox 1844 4055 1990 4110; x_wconf 70' lang='lat' dir='ltr'><strong>Mara</strong></span> <span class='ocrx_word' id='word_1_307' title='bbox 2028 4057 2113 4110; x_wconf 83' lang='lat'><strong>49.</strong></span> 
     </span>
    </p>
   </div>
   <div class='ocr_carea' id='block_1_10' title="bbox 338 4154 2455 4219">
    <p class='ocr_par' dir='ltr' id='par_1_14' title="bbox 338 4154 2455 4219">
     <span class='ocr_line' id='line_1_37' title="bbox 338 4154 2455 4219; baseline -0 -12"><span class='ocrx_word' id='word_1_308' title='bbox 338 4157 457 4208; x_wconf 85' lang='lat' dir='ltr'><strong>Die</strong></span> <span class='ocrx_word' id='word_1_309' title='bbox 494 4157 864 4219; x_wconf 73' lang='lat' dir='ltr'><strong>Verlegung</strong></span> <span class='ocrx_word' id='word_1_310' title='bbox 901 4156 1016 4207; x_wconf 82' lang='lat' dir='ltr'><strong>des</strong></span> <span class='ocrx_word' id='word_1_311' title='bbox 1051 4156 1733 4219; x_wconf 78' lang='lat' dir='ltr'><strong>Kriegsschauplatzes</strong></span> <span class='ocrx_word' id='word_1_312' title='bbox 1768 4155 1934 4207; x_wconf 86' lang='lat' dir='ltr'><strong>nach</strong></span> <span class='ocrx_word' id='word_1_313' title='bbox 1970 4154 2455 4207; x_wconf 78' lang='lat' dir='ltr'><strong>Griechenland.</strong></span> 
     </span>
    </p>
   </div>
   <div class='ocr_carea' id='block_1_11' title="bbox 186 4248 2627 4410">
    <p class='ocr_par' dir='ltr' id='par_1_15' title="bbox 186 4248 2627 4410">
     <span class='ocr_line' id='line_1_38' title="bbox 312 4248 2625 4320; baseline 0 -17"><span class='ocrx_word' id='word_1_314' title='bbox 312 4250 443 4305; x_wconf 80' lang='lat' dir='ltr'><strong>Zwei</strong></span> <span class='ocrx_word' id='word_1_315' title='bbox 478 4251 596 4306; x_wconf 89' lang='lat' dir='ltr'><strong>edle</strong></span> <span class='ocrx_word' id='word_1_316' title='bbox 632 4250 916 4320; x_wconf 73' lang='lat' dir='ltr'><strong>Anhanger</strong></span> <span class='ocrx_word' id='word_1_317' title='bbox 953 4250 1142 4306; x_wconf 70' lang='lat' dir='ltr'><strong>Casars</strong></span> <span class='ocrx_word' id='word_1_318' title='bbox 1178 4252 1289 4306; x_wconf 90' lang='lat' dir='ltr'><strong>und</strong></span> <span class='ocrx_word' id='word_1_319' title='bbox 1324 4250 1561 4305; x_wconf 84' lang='lat' dir='ltr'><strong>Freunde</strong></span> <span class='ocrx_word' id='word_1_320' title='bbox 1590 4249 1812 4317; x_wconf 85' lang='lat' dir='ltr'><strong>Ciceros,</strong></span> <span class='ocrx_word' id='word_1_321' title='bbox 1850 4249 1943 4303; x_wconf 90' lang='lat' dir='ltr'><strong>der</strong></span> <span class='ocrx_word' id='word_1_322' title='bbox 1977 4249 2159 4305; x_wconf 85' lang='lat' dir='ltr'><strong>Ritter</strong></span> <span class='ocrx_word' id='word_1_323' title='bbox 2194 4248 2251 4304; x_wconf 89' lang='lat' dir='ltr'><strong>C.</strong></span> <span class='ocrx_word' id='word_1_324' title='bbox 2279 4249 2479 4304; x_wconf 83' lang='lat' dir='ltr'><strong>Matius</strong></span> <span class='ocrx_word' id='word_1_325' title='bbox 2516 4250 2625 4303; x_wconf 85' lang='lat' dir='ltr'><strong>und</strong></span> 
     </span>
     <span class='ocr_line' id='line_1_39' title="bbox 186 4333 2627 4410; baseline 0.001 -23"><span class='ocrx_word' id='word_1_326' title='bbox 186 4333 265 4390; x_wconf 90' lang='lat' dir='ltr'><strong>der</strong></span> <span class='ocrx_word' id='word_1_327' title='bbox 292 4339 451 4409; x_wconf 87' lang='lat' dir='ltr'><strong>junge</strong></span> <span class='ocrx_word' id='word_1_328' title='bbox 487 4339 926 4410; x_wconf 81' lang='lat' dir='ltr'><strong>Rechtsgelehrte</strong></span> <span class='ocrx_word' id='word_1_329' title='bbox 962 4338 1020 4395; x_wconf 90' lang='lat' dir='ltr'><strong>C.</strong></span> <span class='ocrx_word' id='word_1_330' title='bbox 1057 4339 1337 4395; x_wconf 85' lang='lat' dir='ltr'><strong>Trebatius</strong></span> <span class='ocrx_word' id='word_1_331' title='bbox 1374 4339 1548 4408; x_wconf 89' lang='lat' dir='ltr'><strong>Testa,</strong></span> <span class='ocrx_word' id='word_1_332' title='bbox 1588 4355 1653 4394; x_wconf 90' lang='lat' dir='ltr'><strong>an</strong></span> <span class='ocrx_word' id='word_1_333' title='bbox 1693 4339 1794 4394; x_wconf 90' lang='lat' dir='ltr'><strong>den</strong></span> <span class='ocrx_word' id='word_1_334' title='bbox 1829 4338 2003 4393; x_wconf 89' lang='lat' dir='ltr'><strong>Horaz</strong></span> <span class='ocrx_word' id='word_1_335' title='bbox 2041 4342 2143 4393; x_wconf 90' lang='lat' dir='ltr'><strong>sat.</strong></span> <span class='ocrx_word' id='word_1_336' title='bbox 2181 4338 2254 4406; x_wconf 91' lang='lat' dir='ltr'><strong>II,</strong></span> <span class='ocrx_word' id='word_1_337' title='bbox 2294 4341 2323 4393; x_wconf 92' lang='lat'>1</span> <span class='ocrx_word' id='word_1_338' title='bbox 2362 4339 2627 4407; x_wconf 87' lang='lat' dir='ltr'><strong>gerichtet</strong></span> 
     </span>
    </p>
   </div>
  </div>
 </body>
</html>
