3146 4826
526 335 633 398 1⁰⁰
1262 333 1524 391 Ciceronis
1559 335 1816 406 epistulae
1853 335 2074 390 selectae
2109 333 2251 389 XXI.

526 516 675 563 nem
721 497 858 562 fieri
902 497 1231 581 potuisse?
1289 496 1474 562 hodie
1519 498 1767 580 potest;
1814 495 1925 560 sed
1971 473 2185 561 neutri
2242 494 2495 571 σκοπὸς
2553 496 2654 559 est
2710 494 2846 571 ille,
2903 495 2975 557 ut

476 621 641 668 snos
697 603 869 668 beati
915 603 1149 668 simus:
1206 604 1535 684 uterque
1593 620 1914 685 regnare
1969 602 2157 666 vult.
2246 600 2425 666 Haec
2480 618 2518 664 a
2560 602 2627 665 te
2672 600 2973 665 invitatus

526 710 808 775 breviter
864 710 1151 793 exposui;
1208 708 1467 775 voluisti
1523 709 1693 774 enim
1740 727 1868 785 me,
1927 707 2078 790 quid
2134 708 2211 772 de
2268 707 2369 771 his
2425 707 2613 772 malis
2661 707 2973 783 sentirem,

526 816 877 881 ostendere.

704 917 1145 1008 προθεσπίζει)
1191 921 1413 1003 igitur,
1459 922 1677 986 noster
1721 920 1961 997 Attice,
2006 938 2133 984 non
2179 919 2500 984 hariolans
2513 969 2527 997 ,
2574 921 2649 983 ut
2693 920 2834 996 illa,
2879 919 2974 983 cui

523 1047 711 1093 nemo
760 1027 1043 1105 credidit,
1093 1026 1204 1091 sed
1252 1026 1615 1092 coniectura
1659 1026 2080 1109 prospiciens:

1282 1133 1538 1214 iamque
1585 1133 1749 1196 mari
1795 1151 2028 1214 magno
2077 1180 2090 1194 .
2125 1180 2137 1193 .
2172 1180 2185 1194 .
2218 1179 2232 1194 .

524 1241 668 1305 Non
725 1242 957 1316 multe,
1015 1240 1306 1322 inquam,
1362 1258 1545 1305 secus
1591 1258 1854 1322 possum
1910 1239 2273 1304 vaticinari:
2334 1239 2553 1302 tanta
2607 1239 2973 1304 malorum

523 1345 914 1429 impendet
953 1335 1239 1423 Ἰλιάς..
1279 1347 1491 1427 Atque
1538 1344 1659 1409 hoc
1704 1346 1923 1409 nostra
1954 1345 2204 1427 gravior
2249 1346 2349 1408 est
2396 1362 2606 1421 causa,
2654 1345 2769 1425 qui
2814 1344 2973 1410 domi

525 1471 747 1518 sumus
763 1502 778 1531 ,
849 1470 1044 1534 quam
1097 1452 1382 1529 illorum,
1451 1452 1561 1532 qui
1625 1469 1757 1514 una
1817 1450 2240 1526 transierunt,
2312 1449 2480 1531 quod
2543 1450 2639 1514 illi
2703 1451 2972 1515 alterum

471 1578 496 1618 4
521 1560 837 1635 metuunt,
882 1577 997 1624 nos
1044 1560 1408 1640 utrumque.
1481 1555 1612 1622 Cur
1658 1556 1873 1638 igitur,
1918 1556 2149 1637 inquis,
2195 1555 2620 1621 remansimus
2639 1559 2671 1620 P
2722 1557 2824 1621 vel
2868 1557 2974 1622 tibi

521 1666 852 1749 paruimus
908 1666 1010 1729 vel
1062 1685 1191 1730 non
1251 1665 1640 1730 occurrimus
1696 1664 1797 1728 vel
1862 1663 1981 1728 hoc
2046 1663 2169 1728 fuit
2224 1664 2480 1729 rectius.
2588 1663 2972 1741 conculcari,

521 1773 811 1854 inquam,
876 1773 1177 1837 miseram
1229 1772 1486 1836 Italiam
1542 1770 1783 1836 videbis
1838 1771 2124 1853 proxima
2190 1757 2434 1836 aestate
2504 1771 2583 1835 ab
2639 1772 2972 1853 utriusque

520 1878 651 1943 iam
696 1878 1027 1962 mancipiis
1075 1896 1151 1942 ex
1196 1878 1368 1941 omni
1413 1895 1642 1959 genere
1691 1877 1999 1954 collectis,
2058 1895 2175 1941 nec
2230 1877 2367 1941 tam
2416 1877 2798 1960 proscriptio
2844 1894 2973 1961 per-

521 1983 913 2048 timescenda
938 2032 953 2061 ,
1024 2002 1185 2066 quae
1254 1983 1557 2048 Luceriae
1626 1983 1850 2047 multis
1922 1982 2318 2048 sermonibus
2390 1982 2776 2048 denuntiata
2845 2002 2971 2048 esse

522 2090 756 2156 dicitur
769 2140 784 2168 ,
851 2109 1046 2173 quam
1110 2090 1443 2155 universae
1498 2090 1592 2154 rei
1645 2109 1705 2173 p.
1771 2090 2105 2154 interitus:
2175 2091 2392 2154 tantas
2458 2089 2525 2153 in
2588 2089 2970 2172 confligendo

521 2197 858 2278 utriusque
890 2195 1055 2260 vires
1088 2195 1267 2261 video
1312 2196 1584 2261 futuras.
1644 2195 1861 2261 Habes
1894 2197 2321 2261 coniecturam
2352 2214 2594 2270 meam;
2642 2198 2718 2259 tu
2768 2198 2971 2260 autem

522 2302 966 2368 consolationis
1013 2301 1283 2366 fortasse
1332 2302 1572 2384 aliquid
1621 2303 2033 2386 exspectasti:
2089 2302 2250 2366 nihil
2294 2302 2573 2380 invenio,
2632 2303 2799 2366 nihil
2842 2301 2967 2367 fieri

521 2409 737 2492 potest
780 2408 1093 2486 miserius,
1140 2409 1318 2505 nihil.
1344 2408 1674 2493 perditius,
1719 2409 1880 2474 nihil
1925 2409 2186 2474 foedius.

519 2584 779 2653 griindet:
835 2584 921 2639 Sie
969 2585 1154 2638 wollen
1210 2585 1310 2639 den
1358 2586 1738 2655 Biirgerkrieg,
1793 2602 1884 2640 um
1939 2585 2022 2638 die
2069 2585 2540 2639 Alleinherrschaft
2595 2603 2659 2639 zu
2717 2587 2968 2654 erlangen.

520 2671 674 2727 Denn
713 2674 862 2726 sonst
896 2672 1086 2727 hatten
1124 2674 1199 2728 sie
1236 2674 1348 2729 sich
1383 2675 1619 2744 geeinigt
1633 2717 1645 2741 ,
1696 2691 1801 2728 was
1834 2674 2086 2743 jederzeit
2121 2674 2273 2728 hatte
2308 2674 2598 2742 geschehen
2648 2676 2872 2730 konnen.
2908 2709 2969 2719 —

517 2759 679 2817 hodic
708 2761 917 2830 potest]
958 2778 1028 2816 se.
1065 2764 1215 2817 inter
1249 2779 1337 2818 eos
1374 2764 1663 2819 convenire
1699 2769 1750 2817 et
1772 2764 1968 2832 pactio
1993 2762 2132 2830 fieri,
2172 2763 2349 2830 „noch
2384 2762 2602 2816 heute“.
2643 2793 2714 2802 —
2756 2762 2969 2829 σκοπὸς]

518 2848 573 2905 S.
612 2866 676 2903 zu
712 2850 866 2919 epist.
903 2849 999 2917 VI,
1037 2852 1086 2904 1.

667 2951 713 2992 ³.
767 2939 1080 3009 hmiohns]
1132 2939 1558 3008 „weissagend“.
1608 2968 1677 2977 —-
1724 2939 1859 3006 illa,
1910 2940 2003 2994 cui
2047 2954 2201 2993 nemo
2237 2938 2501 3004 credidit]
2551 2937 2873 2993 Kassandra.
2908 2966 2967 2976 —

519 3027 738 3097 iamque
775 3028 921 3083 mem·
953 3027 1174 3097 mayno]
1210 3028 1368 3081 Diese
1401 3026 1801 3095 Anfangsworte
1838 3026 1931 3080 der
1965 3026 2248 3095 vergebens
2285 3026 2729 3096 prophezeienden
2757 3027 2969 3081 Kassan-

520 3114 617 3169 dra
667 3132 762 3169 aus
811 3116 955 3170 einer
1002 3116 1373 3170 unbekannten
1409 3115 1666 3183 Tragodie
1711 3115 1887 3169 finden
1935 3115 2047 3169 sich
2081 3114 2403 3182 vollstandig
2448 3115 2505 3167 in
2542 3112 2750 3169 Ciceros
2786 3114 2969 3169 Schrift

516 3202 586 3264 de
637 3203 956 3258 divinatione
1003 3204 1055 3270 1,
1103 3205 1134 3271 ᾖ
1171 3204 1269 3257 37:
1328 3204 1575 3274 „iamque
1623 3203 1757 3258 mari
1805 3220 1991 3272 magno
2043 3203 2227 3257 classis
2278 3203 2385 3257 cita
2428 3203 2436 3270 Ι
2485 3202 2712 3268 texitur3
2765 3203 2979 3257 exitium.

519 3308 733 3346 examen
769 3293 937 3363 rapit:
980 3293 989 3360 Ι
1031 3291 1289 3358 adveniet,
1328 3292 1435 3346 fera
1472 3293 1873 3346 velivolantibus
1914 3294 1923 3358 Ι
1963 3292 2182 3347 navibus
2219 3291 2501 3363 complebit
2536 3307 2724 3346 manus
2761 3291 2967 3346 litora“.

521 3380 606 3435 Da
642 3380 821 3436 Cicero
858 3382 942 3435 bei
980 3381 1098 3435 dem
1132 3380 1627 3435 Litteraturkenner
1661 3380 1876 3435 Atticus
1913 3381 1997 3434 die
2031 3381 2194 3435 Verse
2230 3381 2310 3435 als
2345 3381 2578 3435 bekannt
2613 3383 2967 3435 voraussetzen

519 3470 713 3538 durfte,
752 3471 1016 3539 begniigte
1054 3487 1112 3524 er
1148 3470 1260 3523 sich
1297 3470 1398 3523 mit
1434 3469 1534 3523 den
1570 3469 2025 3539 Anfangsworten.
2072 3500 2139 3509 —
2187 3475 2351 3525 tanta
2386 3471 2662 3525 malorum
2698 3468 2969 3540 impendet

516 3555 697 3627 Ἰλιᾶς]
736 3559 788 3613 d.
817 3559 871 3613 h.
910 3576 967 3614 so
995 3559 1096 3613 viel
1122 3558 1366 3627 Ungliick
1395 3557 1554 3613 droht
1580 3575 1699 3625 uns,
1738 3557 1855 3612 dass
1883 3575 1939 3612 es
1967 3559 2050 3613 fiir
2078 3557 2191 3612 eine
2220 3559 2400 3612 zweite
2426 3558 2559 3612 Ilias
2587 3558 2730 3613 Stoff
2748 3560 2893 3628 gabe.

664 3660 713 3701 4.
750 3648 855 3716 vel]
894 3646 999 3703 Cic.
1029 3647 1159 3701 laist
1194 3664 1251 3701 es
1287 3664 1419 3716 ganz
1457 3647 1852 3716 dahingestellt,
1890 3647 2110 3701 welches
2136 3647 2230 3701 der
2255 3647 2567 3716 cigentliche
2595 3645 2780 3702 Grund
2812 3648 2968 3702 seines

519 3734 958 3789 Zuriickbleibens
985 3752 1119 3800 war3
1158 3736 1245 3790 vel
1268 3736 1344 3789 ist
1370 3735 1657 3804 eigentlich
1682 3735 1994 3807 Imperativ:
2034 3735 2225 3803 „wolle
2239 3736 2268 3762 “
2299 3735 2606 3790 annehmen.
2645 3765 2715 3776 -
2751 3754 2866 3792 non
2888 3751 2967 3791 oc·

518 3822 818 3890 emimus]
855 3822 952 3876 Als
980 3839 1039 3877 er
1063 3823 1164 3877 mit
1189 3824 1368 3894 Pomp.
1399 3825 1935 3879 zusammenkommen
1974 3825 2128 3878 sollte
2166 3824 2273 3877 und
2311 3823 2501 3890 wollte,
2541 3825 2880 3891 ‚,erreichte“
2916 3839 2969 3875 er

518 3909 612 3963 ihn
647 3909 812 3964 nicht.
886 3910 937 3964 S.
978 3928 1041 3965 zu
1077 3913 1232 3981 epist.
1268 3912 1385 3979 XX,
1421 3913 1487 3967 5:
1535 3913 1613 3968 ad
1652 3929 1809 3982 quem
1845 3930 1966 3968 cum
2003 3929 2166 3967 essem
2196 3912 2508 3980 prosecute,
2546 3915 2775 3984 coynovi
2809 3914 2871 3967 in
2902 3910 2969 3967 iis

519 3997 651 4054 loeis
688 4013 798 4054 esse
835 3996 1136 4066 Caesae-em,
1174 4005 1238 4054 ut
1274 4005 1392 4055 tuto
1426 4000 1728 4056 Lucanam
1763 4001 1947 4055 venire
1983 4017 2096 4056 non
2125 4015 2352 4069 possem.
2394 4031 2461 4040 -
2496 4003 2750 4071 inquam]
2789 4002 2969 4056 nimmt

520 4086 622 4140 den
676 4086 843 4140 durch
897 4086 1151 4141 Einwand
1215 4088 1325 4142 und
1376 4088 1797 4157 Beantwortung
1858 4088 2128 4142 desselben
2192 4089 2641 4144 unterbrochenen
2696 4090 2969 4147 Godanken

518 4175 710 4231 wieder
744 4176 847 4230 auf.
886 4203 953 4214 —
992 4175 1290 4247 Luceriae]
1327 4194 1405 4231 wo
1431 4177 1611 4249 Pomp.
1641 4193 1878 4248 gewesen
1914 4194 2035 4232 war.
2099 4177 2173 4231 Er
2198 4178 2350 4232 hatte
2376 4179 2479 4232 mit
2503 4179 2968 4243 Proklamationen‚

518 4261 681 4319 Glisar
716 4265 885 4319 werde
912 4265 1008 4319 wie
1034 4264 1184 4320 Sulla
1218 4265 1506 4334 verfahren,
1544 4266 1639 4320 das
1665 4266 1803 4320 Volk
1839 4282 1906 4319 an
1944 4265 2055 4319 sich
2093 4265 2271 4319 ziehen
2298 4266 2483 4320 wollen
2520 4268 2631 4321 und
2668 4267 2970 4337 umgekehrt

520 4352 603 4406 (lie
642 4350 850 4421 Gegner
884 4354 985 4408 mit
1020 4352 1385 4424 Proskription
1420 4354 1660 4409 bedroht.
