<?xml version="1.0" encoding="UTF-8"?>
<!DOCTYPE html PUBLIC "-//W3C//DTD XHTML 1.0 Transitional//EN"
    "http://www.w3.org/TR/xhtml1/DTD/xhtml1-transitional.dtd">
<html xmlns="http://www.w3.org/1999/xhtml" xml:lang="en" lang="en">
 <head>
  <title>
</title>
<meta http-equiv="Content-Type" content="text/html;charset=utf-8" />
  <meta name='ocr-system' content='tesseract 3.04.00' />
  <meta name='ocr-capabilities' content='ocr_page ocr_carea ocr_par ocr_line ocrx_word'/>
</head>
<body>
  <div class='ocr_page' id='page_1' title='image "./epistulaeselect01dettgoog_0093.png"; bbox 0 0 3146 4826; ppageno 0'>
   <div class='ocr_carea' id='block_1_1' title="bbox 24 2505 31 3033">
    <p class='ocr_par' dir='ltr' id='par_1_1' title="bbox 24 2505 31 3033">
     <span class='ocr_line' id='line_1_1' title="bbox 24 2505 31 3033; baseline 0 0"><span class='ocrx_word' id='word_1_1' title='bbox 24 2505 31 3033; x_wconf 95' lang='lat' dir='ltr'> </span> 
     </span>
    </p>
   </div>
   <div class='ocr_carea' id='block_1_2' title="bbox 995 314 2713 385">
    <p class='ocr_par' dir='ltr' id='par_1_2' title="bbox 995 314 2713 385">
     <span class='ocr_line' id='line_1_2' title="bbox 995 314 2713 385; baseline 0.008 -17"><span class='ocrx_word' id='word_1_2' title='bbox 995 314 1256 370; x_wconf 80' lang='lat' dir='ltr'>Ciceronis</span> <span class='ocrx_word' id='word_1_3' title='bbox 1292 317 1552 385; x_wconf 79' lang='lat' dir='ltr'>epistulae</span> <span class='ocrx_word' id='word_1_4' title='bbox 1591 319 1813 372; x_wconf 78' lang='lat' dir='ltr'>selectae</span> <span class='ocrx_word' id='word_1_5' title='bbox 1848 319 1964 374; x_wconf 89' lang='lat' dir='ltr'>XV.</span> <span class='ocrx_word' id='word_1_6' title='bbox 2642 321 2713 381; x_wconf 82' lang='grc'>79</span> 
     </span>
    </p>
   </div>
   <div class='ocr_carea' id='block_1_3' title="bbox 1023 511 1933 686">
    <p class='ocr_par' dir='ltr' id='par_1_3' title="bbox 1023 511 1933 686">
     <span class='ocr_line' id='line_1_3' title="bbox 1117 511 1833 593; baseline 0.006 -18"><span class='ocrx_word' id='word_1_7' title='bbox 1117 511 1238 575; x_wconf 90' lang='lat' dir='ltr'>XV</span> <span class='ocrx_word' id='word_1_8' title='bbox 1288 516 1388 592; x_wconf 87' lang='lat' dir='ltr'>(ad</span> <span class='ocrx_word' id='word_1_9' title='bbox 1421 520 1553 579; x_wconf 86' lang='lat' dir='ltr'>fam.</span> <span class='ocrx_word' id='word_1_10' title='bbox 1589 521 1712 591; x_wconf 85' lang='lat' dir='ltr'>XV,</span> <span class='ocrx_word' id='word_1_11' title='bbox 1747 519 1833 593; x_wconf 85' lang='lat'>5).</span> 
     </span>
     <span class='ocr_line' id='line_1_4' title="bbox 1023 616 1933 686; baseline 0.005 -17"><span class='ocrx_word' id='word_1_12' title='bbox 1023 616 1131 670; x_wconf 88' lang='lat' dir='ltr'>Ser.</span> <span class='ocrx_word' id='word_1_13' title='bbox 1171 617 1364 671; x_wconf 84' lang='lat' dir='ltr'>Romae</span> <span class='ocrx_word' id='word_1_14' title='bbox 1402 636 1447 671; x_wconf 89' lang='lat' dir='ltr'>a.</span> <span class='ocrx_word' id='word_1_15' title='bbox 1488 636 1539 673; x_wconf 91' lang='lat' dir='ltr'>u.</span> <span class='ocrx_word' id='word_1_16' title='bbox 1580 636 1623 673; x_wconf 92' lang='lat' dir='ltr'>c.</span> <span class='ocrx_word' id='word_1_17' title='bbox 1664 620 1770 673; x_wconf 84' lang='lat'>704</span> <span class='ocrx_word' id='word_1_18' title='bbox 1805 620 1933 686; x_wconf 88' lang='lat'>(50).</span> 
     </span>
    </p>
   </div>
   <div class='ocr_carea' id='block_1_4' title="bbox 637 723 2321 806">
    <p class='ocr_par' dir='ltr' id='par_1_4' title="bbox 637 723 2321 806">
     <span class='ocr_line' id='line_1_5' title="bbox 637 723 2321 806; baseline 0.004 -9"><span class='ocrx_word' id='word_1_19' title='bbox 637 723 739 797; x_wconf 91' lang='lat' dir='ltr'>M.</span> <span class='ocrx_word' id='word_1_20' title='bbox 800 723 1076 799; x_wconf 79' lang='lat' dir='ltr'>CATO</span> <span class='ocrx_word' id='word_1_21' title='bbox 1135 725 1209 801; x_wconf 78' lang='lat' dir='ltr'>S.</span> <span class='ocrx_word' id='word_1_22' title='bbox 1266 727 1357 800; x_wconf 91' lang='lat' dir='ltr'>D.</span> <span class='ocrx_word' id='word_1_23' title='bbox 1416 727 1516 802; x_wconf 91' lang='lat' dir='ltr'>M.</span> <span class='ocrx_word' id='word_1_24' title='bbox 1577 727 2064 803; x_wconf 81' lang='lat' dir='ltr'>CICERONI</span> <span class='ocrx_word' id='word_1_25' title='bbox 2120 730 2321 806; x_wconf 91' lang='lat' dir='ltr'><strong>IMP.</strong></span> 
     </span>
    </p>
   </div>
   <div class='ocr_carea' id='block_1_5' title="bbox 235 862 2755 2757">
    <p class='ocr_par' dir='ltr' id='par_1_5' title="bbox 237 862 2755 2544">
     <span class='ocr_line' id='line_1_6' title="bbox 423 862 2755 949; baseline 0.003 -22"><span class='ocrx_word' id='word_1_26' title='bbox 423 862 610 942; x_wconf 83' lang='lat' dir='ltr'>Quod</span> <span class='ocrx_word' id='word_1_27' title='bbox 658 868 724 929; x_wconf 91' lang='lat' dir='ltr'>et</span> <span class='ocrx_word' id='word_1_28' title='bbox 768 884 870 930; x_wconf 88' lang='lat' dir='ltr'>res</span> <span class='ocrx_word' id='word_1_29' title='bbox 917 866 1173 947; x_wconf 90' lang='lat' dir='ltr'>publica</span> <span class='ocrx_word' id='word_1_30' title='bbox 1217 886 1320 931; x_wconf 92' lang='lat' dir='ltr'>me</span> <span class='ocrx_word' id='word_1_31' title='bbox 1370 871 1435 932; x_wconf 90' lang='lat' dir='ltr'>et</span> <span class='ocrx_word' id='word_1_32' title='bbox 1479 873 1700 934; x_wconf 89' lang='lat' dir='ltr'>nostra</span> <span class='ocrx_word' id='word_1_33' title='bbox 1747 871 2026 934; x_wconf 86' lang='lat' dir='ltr'>amicitia</span> <span class='ocrx_word' id='word_1_34' title='bbox 2071 872 2390 949; x_wconf 87' lang='lat' dir='ltr'>hortatur,</span> <span class='ocrx_word' id='word_1_35' title='bbox 2438 872 2707 937; x_wconf 80' lang='lat' dir='ltr'>libenter</span> <span class='ocrx_word' id='word_1_36' title='bbox 2735 897 2755 935; x_wconf 88' lang='lat'>1</span> 
     </span>
     <span class='ocr_line' id='line_1_7' title="bbox 252 969 2706 1059; baseline 0.004 -27"><span class='ocrx_word' id='word_1_37' title='bbox 252 969 427 1048; x_wconf 86' lang='lat' dir='ltr'>facie,</span> <span class='ocrx_word' id='word_1_38' title='bbox 493 973 571 1034; x_wconf 91' lang='lat' dir='ltr'>ut</span> <span class='ocrx_word' id='word_1_39' title='bbox 626 974 811 1035; x_wconf 88' lang='lat' dir='ltr'>tuam</span> <span class='ocrx_word' id='word_1_40' title='bbox 867 972 1204 1050; x_wconf 86' lang='lat' dir='ltr'>virtutem,</span> <span class='ocrx_word' id='word_1_41' title='bbox 1270 974 1729 1053; x_wconf 80' lang='lat' dir='ltr'>innocentiam,</span> <span class='ocrx_word' id='word_1_42' title='bbox 1794 976 2191 1057; x_wconf 86' lang='lat' dir='ltr'>diligentiam</span> <span class='ocrx_word' id='word_1_43' title='bbox 2257 977 2575 1059; x_wconf 86' lang='lat' dir='ltr'>cognitam</span> <span class='ocrx_word' id='word_1_44' title='bbox 2640 980 2706 1042; x_wconf 89' lang='lat' dir='ltr'>in</span> 
     </span>
     <span class='ocr_line' id='line_1_8' title="bbox 248 1077 2707 1165; baseline 0.004 -26"><span class='ocrx_word' id='word_1_45' title='bbox 248 1077 535 1140; x_wconf 77' lang='lat' dir='ltr'>maximis</span> <span class='ocrx_word' id='word_1_46' title='bbox 592 1078 810 1155; x_wconf 79' lang='lat' dir='ltr'>rebuS,</span> <span class='ocrx_word' id='word_1_47' title='bbox 867 1078 1039 1142; x_wconf 91' lang='lat' dir='ltr'>domi</span> <span class='ocrx_word' id='word_1_48' title='bbox 1093 1080 1322 1161; x_wconf 88' lang='lat' dir='ltr'>togati,</span> <span class='ocrx_word' id='word_1_49' title='bbox 1380 1083 1613 1146; x_wconf 88' lang='lat' dir='ltr'>armati</span> <span class='ocrx_word' id='word_1_50' title='bbox 1658 1082 1836 1159; x_wconf 78' lang='lat' dir='ltr'>foriS,</span> <span class='ocrx_word' id='word_1_51' title='bbox 1891 1084 2031 1165; x_wconf 90' lang='lat' dir='ltr'>pari</span> <span class='ocrx_word' id='word_1_52' title='bbox 2075 1084 2394 1148; x_wconf 88' lang='lat' dir='ltr'>industria</span> <span class='ocrx_word' id='word_1_53' title='bbox 2441 1085 2707 1149; x_wconf 88' lang='lat' dir='ltr'>admini-</span> 
     </span>
     <span class='ocr_line' id='line_1_9' title="bbox 250 1183 2706 1274; baseline 0.004 -29"><span class='ocrx_word' id='word_1_54' title='bbox 250 1186 447 1247; x_wconf 89' lang='lat' dir='ltr'>strare</span> <span class='ocrx_word' id='word_1_55' title='bbox 504 1183 840 1265; x_wconf 86' lang='lat' dir='ltr'>gaudeam.</span> <span class='ocrx_word' id='word_1_56' title='bbox 931 1185 1191 1267; x_wconf 88' lang='lat' dir='ltr'>Itaque,</span> <span class='ocrx_word' id='word_1_57' title='bbox 1253 1188 1421 1267; x_wconf 89' lang='lat' dir='ltr'>quod</span> <span class='ocrx_word' id='word_1_58' title='bbox 1476 1207 1591 1270; x_wconf 93' lang='lat' dir='ltr'>pro</span> <span class='ocrx_word' id='word_1_59' title='bbox 1647 1207 1788 1253; x_wconf 93' lang='lat' dir='ltr'>meo</span> <span class='ocrx_word' id='word_1_60' title='bbox 1835 1188 2063 1254; x_wconf 91' lang='lat' dir='ltr'>iudicio</span> <span class='ocrx_word' id='word_1_61' title='bbox 2110 1189 2316 1254; x_wconf 87' lang='lat' dir='ltr'>facere</span> <span class='ocrx_word' id='word_1_62' title='bbox 2371 1192 2574 1274; x_wconf 90' lang='lat' dir='ltr'>potui,</span> <span class='ocrx_word' id='word_1_63' title='bbox 2630 1195 2706 1255; x_wconf 87' lang='lat' dir='ltr'>ut</span> 
     </span>
     <span class='ocr_line' id='line_1_10' title="bbox 247 1289 2706 1377; baseline 0.004 -25"><span class='ocrx_word' id='word_1_64' title='bbox 247 1289 605 1353; x_wconf 89' lang='lat' dir='ltr'>innocentia</span> <span class='ocrx_word' id='word_1_65' title='bbox 661 1292 1049 1372; x_wconf 88' lang='lat' dir='ltr'>consilioque</span> <span class='ocrx_word' id='word_1_66' title='bbox 1114 1295 1226 1356; x_wconf 89' lang='lat' dir='ltr'>tuo</span> <span class='ocrx_word' id='word_1_67' title='bbox 1284 1293 1612 1358; x_wconf 87' lang='lat' dir='ltr'>defensam</span> <span class='ocrx_word' id='word_1_68' title='bbox 1668 1296 2081 1377; x_wconf 87' lang='lat' dir='ltr'>provinciam,</span> <span class='ocrx_word' id='word_1_69' title='bbox 2147 1299 2472 1361; x_wconf 90' lang='lat' dir='ltr'>servatum</span> <span class='ocrx_word' id='word_1_70' title='bbox 2526 1299 2706 1361; x_wconf 88' lang='lat' dir='ltr'>Ario-</span> 
     </span>
     <span class='ocr_line' id='line_1_11' title="bbox 246 1397 2704 1481; baseline 0.004 -23"><span class='ocrx_word' id='word_1_71' title='bbox 246 1397 532 1459; x_wconf 88' lang='lat' dir='ltr'>barzanis</span> <span class='ocrx_word' id='word_1_72' title='bbox 591 1416 740 1461; x_wconf 90' lang='lat' dir='ltr'>cum</span> <span class='ocrx_word' id='word_1_73' title='bbox 785 1397 921 1479; x_wconf 92' lang='lat' dir='ltr'>ipso</span> <span class='ocrx_word' id='word_1_74' title='bbox 969 1417 1117 1480; x_wconf 90' lang='lat' dir='ltr'>rege</span> <span class='ocrx_word' id='word_1_75' title='bbox 1165 1418 1465 1481; x_wconf 89' lang='lat' dir='ltr'>regnum,</span> <span class='ocrx_word' id='word_1_76' title='bbox 1522 1402 1837 1465; x_wconf 85' lang='lat' dir='ltr'>sociorum</span> <span class='ocrx_word' id='word_1_77' title='bbox 1882 1406 2245 1467; x_wconf 88' lang='lat' dir='ltr'>revocatam</span> <span class='ocrx_word' id='word_1_78' title='bbox 2292 1403 2371 1467; x_wconf 93' lang='lat' dir='ltr'>ad</span> <span class='ocrx_word' id='word_1_79' title='bbox 2420 1404 2704 1467; x_wconf 90' lang='lat' dir='ltr'>studium</span> 
     </span>
     <span class='ocr_line' id='line_1_12' title="bbox 243 1503 2702 1585; baseline 0.003 -20"><span class='ocrx_word' id='word_1_80' title='bbox 243 1503 489 1585; x_wconf 85' lang='lat' dir='ltr'>imperii</span> <span class='ocrx_word' id='word_1_81' title='bbox 534 1504 742 1567; x_wconf 81' lang='lat' dir='ltr'>nostri</span> <span class='ocrx_word' id='word_1_82' title='bbox 771 1505 1174 1569; x_wconf 87' lang='lat' dir='ltr'>voluntatem</span> <span class='ocrx_word' id='word_1_83' title='bbox 1207 1508 1529 1571; x_wconf 89' lang='lat' dir='ltr'>sententia</span> <span class='ocrx_word' id='word_1_84' title='bbox 1575 1526 1720 1572; x_wconf 88' lang='lat' dir='ltr'>mea</span> <span class='ocrx_word' id='word_1_85' title='bbox 1767 1511 1833 1571; x_wconf 91' lang='lat' dir='ltr'>et</span> <span class='ocrx_word' id='word_1_86' title='bbox 1873 1508 2125 1572; x_wconf 88' lang='lat' dir='ltr'>decreto</span> <span class='ocrx_word' id='word_1_87' title='bbox 2172 1508 2519 1585; x_wconf 87' lang='lat' dir='ltr'>laudarem,</span> <span class='ocrx_word' id='word_1_88' title='bbox 2565 1508 2702 1574; x_wconf 88' lang='lat' dir='ltr'>feci.</span> 
     </span>
     <span class='ocr_line' id='line_1_13' title="bbox 247 1609 2753 1694; baseline 0.002 -22"><span class='ocrx_word' id='word_1_89' title='bbox 247 1609 789 1692; x_wconf 66' lang='lat' dir='ltr'>supplicationem</span> <span class='ocrx_word' id='word_1_90' title='bbox 821 1611 1161 1689; x_wconf 87' lang='lat' dir='ltr'>decretam,</span> <span class='ocrx_word' id='word_1_91' title='bbox 1210 1613 1264 1676; x_wconf 91' lang='lat' dir='ltr'>si</span> <span class='ocrx_word' id='word_1_92' title='bbox 1295 1616 1386 1691; x_wconf 91' lang='lat' dir='ltr'>tu,</span> <span class='ocrx_word' id='word_1_93' title='bbox 1421 1632 1549 1694; x_wconf 88' lang='lat' dir='ltr'>qua</span> <span class='ocrx_word' id='word_1_94' title='bbox 1581 1615 1648 1676; x_wconf 92' lang='lat' dir='ltr'>in</span> <span class='ocrx_word' id='word_1_95' title='bbox 1677 1633 1746 1678; x_wconf 90' lang='lat' dir='ltr'>re</span> <span class='ocrx_word' id='word_1_96' title='bbox 1779 1614 1940 1677; x_wconf 90' lang='lat' dir='ltr'>nihil</span> <span class='ocrx_word' id='word_1_97' title='bbox 1979 1614 2258 1692; x_wconf 84' lang='lat' dir='ltr'>fortuite,</span> <span class='ocrx_word' id='word_1_98' title='bbox 2307 1614 2418 1679; x_wconf 91' lang='lat' dir='ltr'>sed</span> <span class='ocrx_word' id='word_1_99' title='bbox 2451 1634 2703 1680; x_wconf 91' lang='lat' dir='ltr'>summa</span> <span class='ocrx_word' id='word_1_100' title='bbox 2727 1637 2753 1678; x_wconf 79' lang='lat'><em>2</em></span> 
     </span>
     <span class='ocr_line' id='line_1_14' title="bbox 243 1717 2705 1802; baseline 0.003 -24"><span class='ocrx_word' id='word_1_101' title='bbox 243 1718 352 1779; x_wconf 89' lang='lat' dir='ltr'>tua</span> <span class='ocrx_word' id='word_1_102' title='bbox 415 1717 663 1780; x_wconf 89' lang='lat' dir='ltr'>ratione</span> <span class='ocrx_word' id='word_1_103' title='bbox 722 1720 787 1780; x_wconf 91' lang='lat' dir='ltr'>et</span> <span class='ocrx_word' id='word_1_104' title='bbox 851 1719 1241 1782; x_wconf 87' lang='lat' dir='ltr'>continentia</span> <span class='ocrx_word' id='word_1_105' title='bbox 1295 1720 1387 1783; x_wconf 92' lang='lat' dir='ltr'>rei</span> <span class='ocrx_word' id='word_1_106' title='bbox 1432 1720 1720 1802; x_wconf 87' lang='lat' dir='ltr'>publicae</span> <span class='ocrx_word' id='word_1_107' title='bbox 1767 1720 2093 1802; x_wconf 84' lang='lat' dir='ltr'>provisum</span> <span class='ocrx_word' id='word_1_108' title='bbox 2140 1724 2255 1795; x_wconf 88' lang='lat' dir='ltr'>est,</span> <span class='ocrx_word' id='word_1_109' title='bbox 2303 1720 2399 1784; x_wconf 91' lang='lat' dir='ltr'>dis</span> <span class='ocrx_word' id='word_1_110' title='bbox 2447 1721 2705 1785; x_wconf 90' lang='lat' dir='ltr'>immor-</span> 
     </span>
     <span class='ocr_line' id='line_1_15' title="bbox 242 1823 2702 1909; baseline 0.003 -25"><span class='ocrx_word' id='word_1_111' title='bbox 242 1823 475 1887; x_wconf 89' lang='lat' dir='ltr'>talibus</span> <span class='ocrx_word' id='word_1_112' title='bbox 502 1824 815 1904; x_wconf 84' lang='lat' dir='ltr'>gratulari</span> <span class='ocrx_word' id='word_1_113' title='bbox 837 1843 952 1888; x_wconf 90' lang='lat' dir='ltr'>nos</span> <span class='ocrx_word' id='word_1_114' title='bbox 981 1843 1176 1906; x_wconf 90' lang='lat' dir='ltr'>quam</span> <span class='ocrx_word' id='word_1_115' title='bbox 1201 1825 1319 1888; x_wconf 92' lang='lat' dir='ltr'>tibi</span> <span class='ocrx_word' id='word_1_116' title='bbox 1341 1826 1577 1890; x_wconf 88' lang='lat' dir='ltr'>referre</span> <span class='ocrx_word' id='word_1_117' title='bbox 1603 1829 1936 1908; x_wconf 88' lang='lat' dir='ltr'>acceptum</span> <span class='ocrx_word' id='word_1_118' title='bbox 1959 1827 2189 1904; x_wconf 76' lang='lat' dir='ltr'>maviS,</span> <span class='ocrx_word' id='word_1_119' title='bbox 2222 1827 2496 1908; x_wconf 89' lang='lat' dir='ltr'>gaudeo:</span> <span class='ocrx_word' id='word_1_120' title='bbox 2534 1828 2702 1909; x_wconf 89' lang='lat' dir='ltr'>quod</span> 
     </span>
     <span class='ocr_line' id='line_1_16' title="bbox 243 1930 2703 2015; baseline 0.002 -23"><span class='ocrx_word' id='word_1_121' title='bbox 243 1930 292 1992; x_wconf 89' lang='lat' dir='ltr'>si</span> <span class='ocrx_word' id='word_1_122' title='bbox 340 1930 657 2011; x_wconf 88' lang='lat' dir='ltr'>triumphi</span> <span class='ocrx_word' id='word_1_123' title='bbox 701 1931 1213 2012; x_wconf 87' lang='lat' dir='ltr'>praerogativam</span> <span class='ocrx_word' id='word_1_124' title='bbox 1259 1935 1451 2014; x_wconf 87' lang='lat' dir='ltr'>putas</span> <span class='ocrx_word' id='word_1_125' title='bbox 1501 1933 2027 2015; x_wconf 87' lang='lat' dir='ltr'>supplicationem</span> <span class='ocrx_word' id='word_1_126' title='bbox 2084 1935 2149 1996; x_wconf 87' lang='lat' dir='ltr'>et</span> <span class='ocrx_word' id='word_1_127' title='bbox 2204 1933 2434 1998; x_wconf 87' lang='lat' dir='ltr'>idcirco</span> <span class='ocrx_word' id='word_1_128' title='bbox 2482 1952 2703 1998; x_wconf 90' lang='lat' dir='ltr'>casum</span> 
     </span>
     <span class='ocr_line' id='line_1_17' title="bbox 238 2036 2702 2122; baseline 0.001 -22"><span class='ocrx_word' id='word_1_129' title='bbox 238 2037 449 2117; x_wconf 84' lang='lat' dir='ltr'>potius</span> <span class='ocrx_word' id='word_1_130' title='bbox 485 2055 681 2117; x_wconf 90' lang='lat' dir='ltr'>quam</span> <span class='ocrx_word' id='word_1_131' title='bbox 710 2038 775 2099; x_wconf 92' lang='lat' dir='ltr'>te</span> <span class='ocrx_word' id='word_1_132' title='bbox 807 2036 1057 2099; x_wconf 89' lang='lat' dir='ltr'>laudari</span> <span class='ocrx_word' id='word_1_133' title='bbox 1085 2038 1307 2115; x_wconf 77' lang='lat' dir='ltr'>maviS,</span> <span class='ocrx_word' id='word_1_134' title='bbox 1337 2056 1544 2118; x_wconf 89' lang='lat' dir='ltr'>neque</span> <span class='ocrx_word' id='word_1_135' title='bbox 1578 2039 2105 2120; x_wconf 88' lang='lat' dir='ltr'>supplicationem</span> <span class='ocrx_word' id='word_1_136' title='bbox 2138 2039 2428 2119; x_wconf 87' lang='lat' dir='ltr'>sequitur</span> <span class='ocrx_word' id='word_1_137' title='bbox 2453 2058 2702 2122; x_wconf 90' lang='lat' dir='ltr'>semper</span> 
     </span>
     <span class='ocr_line' id='line_1_18' title="bbox 238 2143 2699 2225; baseline 0.002 -21"><span class='ocrx_word' id='word_1_138' title='bbox 238 2143 606 2224; x_wconf 88' lang='lat' dir='ltr'>triumphus</span> <span class='ocrx_word' id='word_1_139' title='bbox 657 2145 720 2206; x_wconf 93' lang='lat' dir='ltr'>et</span> <span class='ocrx_word' id='word_1_140' title='bbox 765 2143 1153 2225; x_wconf 89' lang='lat' dir='ltr'>triumpho</span> <span class='ocrx_word' id='word_1_141' title='bbox 1185 2144 1425 2207; x_wconf 91' lang='lat' dir='ltr'>multo</span> <span class='ocrx_word' id='word_1_142' title='bbox 1473 2144 1760 2208; x_wconf 89' lang='lat' dir='ltr'>clarius</span> <span class='ocrx_word' id='word_1_143' title='bbox 1808 2147 1925 2208; x_wconf 87' lang='lat' dir='ltr'>est</span> <span class='ocrx_word' id='word_1_144' title='bbox 1967 2148 2314 2208; x_wconf 88' lang='lat' dir='ltr'>senatum</span> <span class='ocrx_word' id='word_1_145' title='bbox 2359 2145 2699 2209; x_wconf 87' lang='lat' dir='ltr'>iudicare</span> 
     </span>
     <span class='ocr_line' id='line_1_19' title="bbox 237 2248 2700 2333; baseline 0.002 -22"><span class='ocrx_word' id='word_1_146' title='bbox 237 2249 494 2329; x_wconf 90' lang='lat' dir='ltr'>potius</span> <span class='ocrx_word' id='word_1_147' title='bbox 520 2248 1111 2313; x_wconf 89' lang='lat' dir='ltr'>mansuetudine</span> <span class='ocrx_word' id='word_1_148' title='bbox 1139 2252 1213 2313; x_wconf 88' lang='lat' dir='ltr'>et</span> <span class='ocrx_word' id='word_1_149' title='bbox 1243 2250 1689 2314; x_wconf 89' lang='lat' dir='ltr'>innocentia</span> <span class='ocrx_word' id='word_1_150' title='bbox 1718 2251 2209 2332; x_wconf 86' lang='lat' dir='ltr'>imperatoris</span> <span class='ocrx_word' id='word_1_151' title='bbox 2233 2251 2700 2333; x_wconf 85' lang='lat' dir='ltr'>provinciam</span> 
     </span>
     <span class='ocr_line' id='line_1_20' title="bbox 240 2355 2699 2440; baseline 0.002 -22"><span class='ocrx_word' id='word_1_152' title='bbox 240 2373 461 2436; x_wconf 88' lang='lat' dir='ltr'>quam</span> <span class='ocrx_word' id='word_1_153' title='bbox 508 2356 580 2420; x_wconf 85' lang='lat' dir='ltr'>vi</span> <span class='ocrx_word' id='word_1_154' title='bbox 610 2355 947 2419; x_wconf 86' lang='lat' dir='ltr'>militum</span> <span class='ocrx_word' id='word_1_155' title='bbox 996 2358 1128 2419; x_wconf 89' lang='lat' dir='ltr'>aut</span> <span class='ocrx_word' id='word_1_156' title='bbox 1173 2357 1654 2438; x_wconf 87' lang='lat' dir='ltr'>benignitate</span> <span class='ocrx_word' id='word_1_157' title='bbox 1696 2357 2001 2422; x_wconf 89' lang='lat' dir='ltr'>deorum</span> <span class='ocrx_word' id='word_1_158' title='bbox 2042 2360 2422 2423; x_wconf 85' lang='lat' dir='ltr'>retentam</span> <span class='ocrx_word' id='word_1_159' title='bbox 2470 2361 2699 2440; x_wconf 86' lang='lat' dir='ltr'>atque</span> 
     </span>
     <span class='ocr_line' id='line_1_21' title="bbox 239 2462 2545 2544; baseline 0.002 -20"><span class='ocrx_word' id='word_1_160' title='bbox 239 2464 768 2526; x_wconf 84' lang='lat' dir='ltr'>conservatam</span> <span class='ocrx_word' id='word_1_161' title='bbox 815 2481 1010 2537; x_wconf 82' lang='lat' dir='ltr'>esse3</span> <span class='ocrx_word' id='word_1_162' title='bbox 1060 2462 1255 2543; x_wconf 89' lang='lat' dir='ltr'>quod</span> <span class='ocrx_word' id='word_1_163' title='bbox 1303 2482 1434 2544; x_wconf 71' lang='lat' dir='ltr'>ego</span> <span class='ocrx_word' id='word_1_164' title='bbox 1480 2481 1644 2527; x_wconf 89' lang='lat' dir='ltr'>mea</span> <span class='ocrx_word' id='word_1_165' title='bbox 1693 2464 2082 2528; x_wconf 88' lang='lat' dir='ltr'>sententia</span> <span class='ocrx_word' id='word_1_166' title='bbox 2129 2466 2545 2529; x_wconf 86' lang='lat' dir='ltr'>censebam.</span> 
     </span>
    </p>

    <p class='ocr_par' dir='ltr' id='par_1_6' title="bbox 235 2568 2749 2757">
     <span class='ocr_line' id='line_1_22' title="bbox 415 2568 2749 2649; baseline 0.001 -18"><span class='ocrx_word' id='word_1_167' title='bbox 415 2571 629 2649; x_wconf 87' lang='lat' dir='ltr'>Atque</span> <span class='ocrx_word' id='word_1_168' title='bbox 686 2569 846 2632; x_wconf 87' lang='lat' dir='ltr'>haec</span> <span class='ocrx_word' id='word_1_169' title='bbox 902 2587 1016 2649; x_wconf 92' lang='lat' dir='ltr'>ego</span> <span class='ocrx_word' id='word_1_170' title='bbox 1075 2569 1305 2633; x_wconf 91' lang='lat' dir='ltr'>idcirco</span> <span class='ocrx_word' id='word_1_171' title='bbox 1365 2568 1445 2633; x_wconf 90' lang='lat' dir='ltr'>ad</span> <span class='ocrx_word' id='word_1_172' title='bbox 1501 2572 1564 2633; x_wconf 88' lang='lat' dir='ltr'>te</span> <span class='ocrx_word' id='word_1_173' title='bbox 1624 2573 1843 2634; x_wconf 89' lang='lat' dir='ltr'>contra</span> <span class='ocrx_word' id='word_1_174' title='bbox 1908 2571 2434 2635; x_wconf 88' lang='lat' dir='ltr'>consuetudinem</span> <span class='ocrx_word' id='word_1_175' title='bbox 2487 2591 2699 2636; x_wconf 91' lang='lat' dir='ltr'>meam</span> <span class='ocrx_word' id='word_1_176' title='bbox 2724 2592 2749 2633; x_wconf 75' lang='lat' dir='ltr'>a</span> 
     </span>
     <span class='ocr_line' id='line_1_23' title="bbox 235 2675 2700 2757; baseline 0.002 -20"><span class='ocrx_word' id='word_1_177' title='bbox 235 2675 529 2756; x_wconf 90' lang='lat' dir='ltr'>pluribus</span> <span class='ocrx_word' id='word_1_178' title='bbox 580 2675 821 2757; x_wconf 85' lang='lat' dir='ltr'>scripsi,</span> <span class='ocrx_word' id='word_1_179' title='bbox 868 2677 960 2752; x_wconf 91' lang='lat' dir='ltr'>ut,</span> <span class='ocrx_word' id='word_1_180' title='bbox 1009 2675 1177 2756; x_wconf 88' lang='lat' dir='ltr'>quod</span> <span class='ocrx_word' id='word_1_181' title='bbox 1223 2677 1495 2739; x_wconf 80' lang='lat' dir='ltr'>maxime</span> <span class='ocrx_word' id='word_1_182' title='bbox 1542 2676 1701 2754; x_wconf 84' lang='lat' dir='ltr'>vole,</span> <span class='ocrx_word' id='word_1_183' title='bbox 1750 2677 2077 2740; x_wconf 82' lang='lat' dir='ltr'>existimes</span> <span class='ocrx_word' id='word_1_184' title='bbox 2124 2695 2226 2740; x_wconf 91' lang='lat' dir='ltr'>me</span> <span class='ocrx_word' id='word_1_185' title='bbox 2273 2678 2577 2755; x_wconf 91' lang='lat' dir='ltr'>laborare,</span> <span class='ocrx_word' id='word_1_186' title='bbox 2624 2681 2700 2741; x_wconf 89' lang='lat' dir='ltr'>ut</span> 
     </span>
    </p>
   </div>
   <div class='ocr_carea' id='block_1_6' title="bbox 307 2818 666 2828">
    <p class='ocr_par' dir='ltr' id='par_1_7' title="bbox 307 2818 666 2828">
     <span class='ocr_line' id='line_1_24' title="bbox 307 2818 666 2828; baseline 0 0"><span class='ocrx_word' id='word_1_187' title='bbox 307 2818 666 2828; x_wconf 95' lang='lat' dir='ltr'> </span> 
     </span>
    </p>
   </div>
   <div class='ocr_carea' id='block_1_7' title="bbox 217 2904 2700 4300">
    <p class='ocr_par' dir='ltr' id='par_1_8' title="bbox 232 2904 2700 3134">
     <span class='ocr_line' id='line_1_25' title="bbox 233 2904 2700 2975; baseline 0.001 -19"><span class='ocrx_word' id='word_1_188' title='bbox 233 2904 511 2972; x_wconf 81' lang='lat' dir='ltr'>geniigend</span> <span class='ocrx_word' id='word_1_189' title='bbox 549 2904 846 2971; x_wconf 78' lang='lat' dir='ltr'>begri&#39;mdet</span> <span class='ocrx_word' id='word_1_190' title='bbox 880 2904 1031 2957; x_wconf 89' lang='lat' dir='ltr'>hielt.</span> <span class='ocrx_word' id='word_1_191' title='bbox 1088 2904 1151 2957; x_wconf 95' lang='lat' dir='ltr'>In</span> <span class='ocrx_word' id='word_1_192' title='bbox 1190 2905 1307 2957; x_wconf 91' lang='lat' dir='ltr'>dem</span> <span class='ocrx_word' id='word_1_193' title='bbox 1334 2905 1612 2972; x_wconf 89' lang='lat' dir='ltr'>folgenden</span> <span class='ocrx_word' id='word_1_194' title='bbox 1638 2905 1787 2958; x_wconf 90' lang='lat' dir='ltr'>Brief</span> <span class='ocrx_word' id='word_1_195' title='bbox 1809 2906 2027 2959; x_wconf 89' lang='lat' dir='ltr'>vertritt</span> <span class='ocrx_word' id='word_1_196' title='bbox 2063 2922 2121 2958; x_wconf 90' lang='lat' dir='ltr'>er</span> <span class='ocrx_word' id='word_1_197' title='bbox 2157 2908 2332 2959; x_wconf 91' lang='lat' dir='ltr'>seinen</span> <span class='ocrx_word' id='word_1_198' title='bbox 2361 2905 2700 2975; x_wconf 85' lang='lat' dir='ltr'>Standpunkt</span> 
     </span>
     <span class='ocr_line' id='line_1_26' title="bbox 233 2992 2697 3061; baseline 0 -15"><span class='ocrx_word' id='word_1_199' title='bbox 233 2994 291 3046; x_wconf 89' lang='lat' dir='ltr'>in</span> <span class='ocrx_word' id='word_1_200' title='bbox 327 2992 499 3045; x_wconf 89' lang='lat' dir='ltr'>dieser</span> <span class='ocrx_word' id='word_1_201' title='bbox 525 2992 959 3060; x_wconf 84' lang='lat' dir='ltr'>Angelegenheit.</span> <span class='ocrx_word' id='word_1_202' title='bbox 1014 2992 1375 3046; x_wconf 88' lang='lat' dir='ltr'>Bezeichnend</span> <span class='ocrx_word' id='word_1_203' title='bbox 1412 2993 1489 3046; x_wconf 89' lang='lat' dir='ltr'>ist</span> <span class='ocrx_word' id='word_1_204' title='bbox 1514 2994 1812 3061; x_wconf 76' lang='lat' dir='ltr'>gegeniiber</span> <span class='ocrx_word' id='word_1_205' title='bbox 1839 2992 2045 3047; x_wconf 88' lang='lat' dir='ltr'>Ciceros</span> <span class='ocrx_word' id='word_1_206' title='bbox 2072 2993 2263 3060; x_wconf 83' lang='lat' dir='ltr'>langen</span> <span class='ocrx_word' id='word_1_207' title='bbox 2288 2993 2697 3061; x_wconf 84' lang='lat' dir='ltr'>Ausffihrungen</span> 
     </span>
     <span class='ocr_line' id='line_1_27' title="bbox 232 3079 620 3134; baseline -0.003 0"><span class='ocrx_word' id='word_1_208' title='bbox 232 3079 396 3134; x_wconf 83' lang='lat' dir='ltr'>Catos</span> <span class='ocrx_word' id='word_1_209' title='bbox 430 3080 620 3134; x_wconf 81' lang='lat' dir='ltr'>Kiirze.</span> 
     </span>
    </p>

    <p class='ocr_par' dir='ltr' id='par_1_9' title="bbox 229 3169 2698 3504">
     <span class='ocr_line' id='line_1_28' title="bbox 385 3169 2698 3239; baseline 0.001 -17"><span class='ocrx_word' id='word_1_210' title='bbox 385 3182 427 3222; x_wconf 87' lang='lat'>1.</span> <span class='ocrx_word' id='word_1_211' title='bbox 478 3170 660 3239; x_wconf 75' lang='lat' dir='ltr'>toyati</span> <span class='ocrx_word' id='word_1_212' title='bbox 671 3209 688 3236; x_wconf 91' lang='lat'>,</span> <span class='ocrx_word' id='word_1_213' title='bbox 739 3169 971 3236; x_wconf 77' lang='lat' dir='ltr'>armati]</span> <span class='ocrx_word' id='word_1_214' title='bbox 1019 3169 1247 3237; x_wconf 68' lang='lat' dir='ltr'>geheren</span> <span class='ocrx_word' id='word_1_215' title='bbox 1284 3170 1363 3222; x_wconf 87' lang='lat' dir='ltr'>als</span> <span class='ocrx_word' id='word_1_216' title='bbox 1400 3170 1713 3239; x_wconf 89' lang='lat' dir='ltr'>Apposition</span> <span class='ocrx_word' id='word_1_217' title='bbox 1750 3187 1813 3223; x_wconf 89' lang='lat' dir='ltr'>zu</span> <span class='ocrx_word' id='word_1_218' title='bbox 1851 3176 2032 3238; x_wconf 81' lang='lat' dir='ltr'>tuam,</span> <span class='ocrx_word' id='word_1_219' title='bbox 2081 3171 2176 3224; x_wconf 85' lang='lat' dir='ltr'>wie</span> <span class='ocrx_word' id='word_1_220' title='bbox 2211 3171 2266 3224; x_wconf 92' lang='lat' dir='ltr'>in</span> <span class='ocrx_word' id='word_1_221' title='bbox 2302 3188 2420 3225; x_wconf 86' lang='lat' dir='ltr'>mea</span> <span class='ocrx_word' id='word_1_222' title='bbox 2457 3171 2698 3226; x_wconf 73' lang='lat' dir='ltr'>consulis</span> 
     </span>
     <span class='ocr_line' id='line_1_29' title="bbox 231 3257 2697 3329; baseline 0 -16"><span class='ocrx_word' id='word_1_223' title='bbox 231 3275 418 3326; x_wconf 75' lang='lat' dir='ltr'>opera.</span> <span class='ocrx_word' id='word_1_224' title='bbox 469 3289 538 3298; x_wconf 90' lang='lat'><strong>—</strong></span> <span class='ocrx_word' id='word_1_225' title='bbox 591 3257 1015 3325; x_wconf 78' lang='lat' dir='ltr'>administrare]</span> <span class='ocrx_word' id='word_1_226' title='bbox 1054 3282 1117 3299; x_wconf 92' lang='lat'><strong><em>=</em></strong></span> <span class='ocrx_word' id='word_1_227' title='bbox 1157 3274 1271 3311; x_wconf 84' lang='lat' dir='ltr'>rem</span> <span class='ocrx_word' id='word_1_228' title='bbox 1303 3274 1487 3327; x_wconf 72' lang='lat' dir='ltr'>yerere</span> <span class='ocrx_word' id='word_1_229' title='bbox 1498 3299 1515 3326; x_wconf 90' lang='lat'>,</span> <span class='ocrx_word' id='word_1_230' title='bbox 1566 3259 1682 3311; x_wconf 88' lang='lat' dir='ltr'>hier</span> <span class='ocrx_word' id='word_1_231' title='bbox 1718 3258 1929 3312; x_wconf 88' lang='lat' dir='ltr'>absolut</span> <span class='ocrx_word' id='word_1_232' title='bbox 1971 3260 2278 3328; x_wconf 88' lang='lat' dir='ltr'>gebraucht.</span> <span class='ocrx_word' id='word_1_233' title='bbox 2329 3291 2398 3300; x_wconf 90' lang='lat'><strong>—</strong></span> <span class='ocrx_word' id='word_1_234' title='bbox 2440 3277 2550 3329; x_wconf 77' lang='lat' dir='ltr'>pro</span> <span class='ocrx_word' id='word_1_235' title='bbox 2584 3276 2697 3315; x_wconf 87' lang='lat' dir='ltr'>meo</span> 
     </span>
     <span class='ocr_line' id='line_1_30' title="bbox 229 3344 2697 3418; baseline 0 -18"><span class='ocrx_word' id='word_1_236' title='bbox 229 3345 475 3415; x_wconf 79' lang='lat' dir='ltr'>iudicio]</span> <span class='ocrx_word' id='word_1_237' title='bbox 525 3346 704 3413; x_wconf 87' lang='lat' dir='ltr'>„nach</span> <span class='ocrx_word' id='word_1_238' title='bbox 741 3346 947 3399; x_wconf 89' lang='lat' dir='ltr'>meinen</span> <span class='ocrx_word' id='word_1_239' title='bbox 985 3344 1412 3401; x_wconf 72' lang='lat' dir='ltr'>Grundsatzen“.</span> <span class='ocrx_word' id='word_1_240' title='bbox 1452 3377 1519 3384; x_wconf 91' lang='lat'>——</span> <span class='ocrx_word' id='word_1_241' title='bbox 1556 3347 1811 3402; x_wconf 71' lang='lat' dir='ltr'>studium</span> <span class='ocrx_word' id='word_1_242' title='bbox 1845 3348 2090 3416; x_wconf 80' lang='lat' dir='ltr'>imperii]</span> <span class='ocrx_word' id='word_1_243' title='bbox 2127 3349 2222 3402; x_wconf 87' lang='lat' dir='ltr'>wie</span> <span class='ocrx_word' id='word_1_244' title='bbox 2258 3349 2411 3418; x_wconf 90' lang='lat' dir='ltr'>epist.</span> <span class='ocrx_word' id='word_1_245' title='bbox 2446 3348 2587 3415; x_wconf 85' lang='lat' dir='ltr'>XIV,</span> <span class='ocrx_word' id='word_1_246' title='bbox 2627 3349 2697 3402; x_wconf 86' lang='lat'>14</span> 
     </span>
     <span class='ocr_line' id='line_1_31' title="bbox 229 3435 883 3504; baseline 0 -16"><span class='ocrx_word' id='word_1_247' title='bbox 229 3436 456 3504; x_wconf 75' lang='lat' dir='ltr'>imperii</span> <span class='ocrx_word' id='word_1_248' title='bbox 494 3435 883 3489; x_wconf 73' lang='lat' dir='ltr'>benevolentia.</span> 
     </span>
    </p>

    <p class='ocr_par' dir='ltr' id='par_1_10' title="bbox 217 3523 2695 4300">
     <span class='ocr_line' id='line_1_32' title="bbox 379 3523 2695 3594; baseline 0.001 -19"><span class='ocrx_word' id='word_1_249' title='bbox 379 3534 425 3576; x_wconf 87' lang='lat'>2.</span> <span class='ocrx_word' id='word_1_250' title='bbox 465 3523 946 3594; x_wconf 75' lang='lat' dir='ltr'>Supplicationem</span> <span class='ocrx_word' id='word_1_251' title='bbox 984 3524 1282 3592; x_wconf 83' lang='lat' dir='ltr'>decretam]</span> <span class='ocrx_word' id='word_1_252' title='bbox 1319 3524 1440 3577; x_wconf 90' lang='lat' dir='ltr'>Acc.</span> <span class='ocrx_word' id='word_1_253' title='bbox 1470 3540 1514 3578; x_wconf 93' lang='grc'>0.</span> <span class='ocrx_word' id='word_1_254' title='bbox 1541 3524 1643 3577; x_wconf 84' lang='lat' dir='ltr'>Inf.</span> <span class='ocrx_word' id='word_1_255' title='bbox 1674 3524 1939 3592; x_wconf 66' lang='lat' dir='ltr'>abhangig</span> <span class='ocrx_word' id='word_1_256' title='bbox 1965 3540 2064 3577; x_wconf 88' lang='lat' dir='ltr'>von</span> <span class='ocrx_word' id='word_1_257' title='bbox 2096 3524 2330 3592; x_wconf 70' lang='lat' dir='ltr'>qaudeo.</span> <span class='ocrx_word' id='word_1_258' title='bbox 2370 3552 2438 3562; x_wconf 94' lang='lat'><strong>—</strong></span> <span class='ocrx_word' id='word_1_259' title='bbox 2475 3523 2556 3577; x_wconf 79' lang='lat' dir='ltr'>rei</span> <span class='ocrx_word' id='word_1_260' title='bbox 2587 3542 2695 3592; x_wconf 78' lang='lat' dir='ltr'>pu-</span> 
     </span>
     <span class='ocr_line' id='line_1_33' title="bbox 230 3611 2695 3682; baseline 0 -18"><span class='ocrx_word' id='word_1_261' title='bbox 230 3611 430 3680; x_wconf 69' lang='lat' dir='ltr'>bbicae]</span> <span class='ocrx_word' id='word_1_262' title='bbox 460 3612 635 3666; x_wconf 81' lang='lat' dir='ltr'>Dativ.</span> <span class='ocrx_word' id='word_1_263' title='bbox 679 3642 745 3649; x_wconf 89' lang='lat'>—</span> <span class='ocrx_word' id='word_1_264' title='bbox 780 3612 1093 3681; x_wconf 63' lang='lat' dir='ltr'>gratulari]</span> <span class='ocrx_word' id='word_1_265' title='bbox 1122 3613 1216 3665; x_wconf 87' lang='lat' dir='ltr'>wie</span> <span class='ocrx_word' id='word_1_266' title='bbox 1244 3613 1398 3682; x_wconf 86' lang='lat' dir='ltr'>epist.</span> <span class='ocrx_word' id='word_1_267' title='bbox 1427 3613 1494 3679; x_wconf 89' lang='lat' dir='ltr'>X,</span> <span class='ocrx_word' id='word_1_268' title='bbox 1524 3613 1573 3666; x_wconf 92' lang='lat'>1.</span> <span class='ocrx_word' id='word_1_269' title='bbox 1606 3642 1672 3649; x_wconf 91' lang='lat'>-—</span> <span class='ocrx_word' id='word_1_270' title='bbox 1712 3613 1818 3667; x_wconf 74' lang='lat' dir='ltr'>tibi</span> <span class='ocrx_word' id='word_1_271' title='bbox 1844 3611 2052 3677; x_wconf 78' lang='lat' dir='ltr'>referre</span> <span class='ocrx_word' id='word_1_272' title='bbox 2081 3613 2389 3680; x_wconf 76' lang='lat' dir='ltr'>acceptum]</span> <span class='ocrx_word' id='word_1_273' title='bbox 2424 3611 2524 3665; x_wconf 87' lang='lat' dir='ltr'>Ein</span> <span class='ocrx_word' id='word_1_274' title='bbox 2551 3612 2695 3664; x_wconf 83' lang='lat' dir='ltr'>kaus-</span> 
     </span>
     <span class='ocr_line' id='line_1_34' title="bbox 227 3698 2695 3770; baseline -0.001 -15"><span class='ocrx_word' id='word_1_275' title='bbox 227 3700 563 3755; x_wconf 71' lang='lat' dir='ltr'>miinnischer</span> <span class='ocrx_word' id='word_1_276' title='bbox 598 3700 907 3754; x_wconf 84' lang='lat' dir='ltr'>Ausdruck:</span> <span class='ocrx_word' id='word_1_277' title='bbox 948 3701 1073 3768; x_wconf 88' lang='lat' dir='ltr'>„dir</span> <span class='ocrx_word' id='word_1_278' title='bbox 1110 3701 1190 3754; x_wconf 84' lang='lat' dir='ltr'>als</span> <span class='ocrx_word' id='word_1_279' title='bbox 1227 3702 1534 3770; x_wconf 85' lang='lat' dir='ltr'>empfangen</span> <span class='ocrx_word' id='word_1_280' title='bbox 1570 3701 1868 3769; x_wconf 87' lang='lat' dir='ltr'>eintragen,</span> <span class='ocrx_word' id='word_1_281' title='bbox 1907 3700 2000 3754; x_wconf 90' lang='lat' dir='ltr'>auf</span> <span class='ocrx_word' id='word_1_282' title='bbox 2031 3701 2150 3754; x_wconf 91' lang='lat' dir='ltr'>dein</span> <span class='ocrx_word' id='word_1_283' title='bbox 2189 3698 2470 3755; x_wconf 86' lang='lat' dir='ltr'>Guthaben</span> <span class='ocrx_word' id='word_1_284' title='bbox 2507 3700 2695 3754; x_wconf 86' lang='lat' dir='ltr'>schrei-</span> 
     </span>
     <span class='ocr_line' id='line_1_35' title="bbox 228 3788 2692 3858; baseline 0 -16"><span class='ocrx_word' id='word_1_285' title='bbox 228 3789 347 3857; x_wconf 92' lang='lat' dir='ltr'>ben,</span> <span class='ocrx_word' id='word_1_286' title='bbox 386 3788 539 3842; x_wconf 90' lang='lat' dir='ltr'>deine</span> <span class='ocrx_word' id='word_1_287' title='bbox 576 3788 786 3842; x_wconf 86' lang='lat' dir='ltr'>Thaten</span> <span class='ocrx_word' id='word_1_288' title='bbox 822 3790 902 3842; x_wconf 89' lang='lat' dir='ltr'>als</span> <span class='ocrx_word' id='word_1_289' title='bbox 940 3789 1061 3842; x_wconf 91' lang='lat' dir='ltr'>dein</span> <span class='ocrx_word' id='word_1_290' title='bbox 1088 3789 1371 3842; x_wconf 87' lang='lat' dir='ltr'>Verdienst</span> <span class='ocrx_word' id='word_1_291' title='bbox 1406 3789 1758 3842; x_wconf 88' lang='lat' dir='ltr'>anrechnen“.</span> <span class='ocrx_word' id='word_1_292' title='bbox 1798 3820 1867 3829; x_wconf 90' lang='lat'><strong>—</strong></span> <span class='ocrx_word' id='word_1_293' title='bbox 1904 3788 2052 3858; x_wconf 77' lang='lat' dir='ltr'>quod</span> <span class='ocrx_word' id='word_1_294' title='bbox 2089 3790 2161 3856; x_wconf 80' lang='lat' dir='ltr'>si]</span> <span class='ocrx_word' id='word_1_295' title='bbox 2201 3806 2380 3856; x_wconf 88' lang='lat' dir='ltr'>„wenn</span> <span class='ocrx_word' id='word_1_296' title='bbox 2417 3791 2600 3843; x_wconf 89' lang='lat' dir='ltr'>aber“.</span> <span class='ocrx_word' id='word_1_297' title='bbox 2627 3817 2692 3826; x_wconf 94' lang='lat'>-—</span> 
     </span>
     <span class='ocr_line' id='line_1_36' title="bbox 217 3877 2695 3945; baseline -0 -14"><span class='ocrx_word' id='word_1_298' title='bbox 217 3877 649 3945; x_wconf 75' lang='lat' dir='ltr'>praeroyativa]</span> <span class='ocrx_word' id='word_1_299' title='bbox 688 3878 973 3945; x_wconf 88' lang='lat' dir='ltr'>eigentlich</span> <span class='ocrx_word' id='word_1_300' title='bbox 1009 3895 1109 3932; x_wconf 83' lang='lat' dir='ltr'>von</span> <span class='ocrx_word' id='word_1_301' title='bbox 1146 3878 1239 3931; x_wconf 89' lang='lat' dir='ltr'>der</span> <span class='ocrx_word' id='word_1_302' title='bbox 1275 3882 1453 3931; x_wconf 87' lang='lat' dir='ltr'>zuerst</span> <span class='ocrx_word' id='word_1_303' title='bbox 1489 3877 1836 3930; x_wconf 85' lang='lat' dir='ltr'>stimmenden</span> <span class='ocrx_word' id='word_1_304' title='bbox 1872 3877 2144 3945; x_wconf 78' lang='lat' dir='ltr'>Centurio,</span> <span class='ocrx_word' id='word_1_305' title='bbox 2183 3878 2266 3931; x_wconf 91' lang='lat' dir='ltr'>die</span> <span class='ocrx_word' id='word_1_306' title='bbox 2302 3879 2413 3932; x_wconf 89' lang='lat' dir='ltr'>also</span> <span class='ocrx_word' id='word_1_307' title='bbox 2449 3879 2532 3932; x_wconf 91' lang='lat' dir='ltr'>ein</span> <span class='ocrx_word' id='word_1_308' title='bbox 2569 3879 2695 3931; x_wconf 89' lang='lat' dir='ltr'>Vor-</span> 
     </span>
     <span class='ocr_line' id='line_1_37' title="bbox 226 3966 2694 4033; baseline 0.001 -15"><span class='ocrx_word' id='word_1_309' title='bbox 226 3967 381 4019; x_wconf 89' lang='lat' dir='ltr'>recht</span> <span class='ocrx_word' id='word_1_310' title='bbox 405 3966 522 4019; x_wconf 88' lang='lat' dir='ltr'>hat.</span> <span class='ocrx_word' id='word_1_311' title='bbox 579 3966 832 4019; x_wconf 87' lang='lat' dir='ltr'>Dadurch</span> <span class='ocrx_word' id='word_1_312' title='bbox 859 3967 1017 4020; x_wconf 88' lang='lat' dir='ltr'>auch:</span> <span class='ocrx_word' id='word_1_313' title='bbox 1058 3967 1376 4033; x_wconf 84' lang='lat' dir='ltr'>„Vorwahl“</span> <span class='ocrx_word' id='word_1_314' title='bbox 1416 3966 1539 4033; x_wconf 89' lang='lat' dir='ltr'>und,</span> <span class='ocrx_word' id='word_1_315' title='bbox 1579 3967 1646 4018; x_wconf 86' lang='lat' dir='ltr'>da</span> <span class='ocrx_word' id='word_1_316' title='bbox 1681 3983 1804 4019; x_wconf 88' lang='lat' dir='ltr'>man</span> <span class='ocrx_word' id='word_1_317' title='bbox 1840 3967 1916 4019; x_wconf 83' lang='lat' dir='ltr'>oft</span> <span class='ocrx_word' id='word_1_318' title='bbox 1953 3983 2049 4019; x_wconf 89' lang='lat' dir='ltr'>aus</span> <span class='ocrx_word' id='word_1_319' title='bbox 2085 3967 2187 4020; x_wconf 89' lang='lat' dir='ltr'>den</span> <span class='ocrx_word' id='word_1_320' title='bbox 2224 3970 2405 4020; x_wconf 88' lang='lat' dir='ltr'>zuerst</span> <span class='ocrx_word' id='word_1_321' title='bbox 2431 3968 2694 4020; x_wconf 89' lang='lat' dir='ltr'>stimmen-</span> 
     </span>
     <span class='ocr_line' id='line_1_38' title="bbox 225 4053 2690 4123; baseline 0 -15"><span class='ocrx_word' id='word_1_322' title='bbox 225 4055 328 4109; x_wconf 89' lang='lat' dir='ltr'>den</span> <span class='ocrx_word' id='word_1_323' title='bbox 357 4053 648 4108; x_wconf 86' lang='lat' dir='ltr'>Centurien</span> <span class='ocrx_word' id='word_1_324' title='bbox 676 4055 769 4108; x_wconf 83' lang='lat' dir='ltr'>auf</span> <span class='ocrx_word' id='word_1_325' title='bbox 791 4055 874 4108; x_wconf 86' lang='lat' dir='ltr'>die</span> <span class='ocrx_word' id='word_1_326' title='bbox 902 4056 1100 4108; x_wconf 88' lang='lat' dir='ltr'>andern</span> <span class='ocrx_word' id='word_1_327' title='bbox 1138 4054 1416 4108; x_wconf 88' lang='lat' dir='ltr'>schliefsen</span> <span class='ocrx_word' id='word_1_328' title='bbox 1451 4055 1618 4108; x_wconf 88' lang='lat' dir='ltr'>kann:</span> <span class='ocrx_word' id='word_1_329' title='bbox 1658 4054 2075 4122; x_wconf 85' lang='lat' dir='ltr'>‚,Vorzeichen“;</span> <span class='ocrx_word' id='word_1_330' title='bbox 2115 4072 2172 4108; x_wconf 89' lang='lat' dir='ltr'>so</span> <span class='ocrx_word' id='word_1_331' title='bbox 2207 4056 2336 4110; x_wconf 89' lang='lat' dir='ltr'>hier.</span> <span class='ocrx_word' id='word_1_332' title='bbox 2376 4086 2444 4094; x_wconf 93' lang='lat'><strong>—</strong></span> <span class='ocrx_word' id='word_1_333' title='bbox 2482 4055 2690 4123; x_wconf 76' lang='lat' dir='ltr'>casum]</span> 
     </span>
     <span class='ocr_line' id='line_1_39' title="bbox 223 4143 2692 4213; baseline 0 -17"><span class='ocrx_word' id='word_1_334' title='bbox 223 4144 343 4197; x_wconf 87' lang='lat' dir='ltr'>hier</span> <span class='ocrx_word' id='word_1_335' title='bbox 380 4185 412 4209; x_wconf 92' lang='lat'>‚,</span> <span class='ocrx_word' id='word_1_336' title='bbox 425 4143 519 4196; x_wconf 89' lang='lat' dir='ltr'>der</span> <span class='ocrx_word' id='word_1_337' title='bbox 554 4143 741 4210; x_wconf 81' lang='lat' dir='ltr'>Erfolg</span> <span class='ocrx_word' id='word_1_338' title='bbox 774 4144 866 4197; x_wconf 89' lang='lat' dir='ltr'>des</span> <span class='ocrx_word' id='word_1_339' title='bbox 902 4143 1132 4197; x_wconf 89' lang='lat' dir='ltr'>Zufalles</span> <span class='ocrx_word' id='word_1_340' title='bbox 1147 4186 1160 4210; x_wconf 94' lang='lat'>,</span> <span class='ocrx_word' id='word_1_341' title='bbox 1195 4144 1776 4211; x_wconf 84' lang='lat' dir='ltr'>Augenblickserfolg“.</span> <span class='ocrx_word' id='word_1_342' title='bbox 1828 4173 1897 4182; x_wconf 90' lang='lat'><strong>—</strong></span> <span class='ocrx_word' id='word_1_343' title='bbox 1945 4143 2097 4212; x_wconf 73' lang='lat' dir='ltr'>quod</span> <span class='ocrx_word' id='word_1_344' title='bbox 2133 4161 2229 4213; x_wconf 72' lang='lat'>090</span> <span class='ocrx_word' id='word_1_345' title='bbox 2264 4160 2386 4198; x_wconf 84' lang='lat' dir='ltr'>mea</span> <span class='ocrx_word' id='word_1_346' title='bbox 2419 4144 2692 4199; x_wconf 72' lang='lat' dir='ltr'>sententia</span> 
     </span>
     <span class='ocr_line' id='line_1_40' title="bbox 221 4231 2686 4300; baseline -0 -14"><span class='ocrx_word' id='word_1_347' title='bbox 221 4232 534 4299; x_wconf 77' lang='lat' dir='ltr'>censebam]</span> <span class='ocrx_word' id='word_1_348' title='bbox 574 4273 607 4298; x_wconf 95' lang='lat'><strong>„</strong></span> <span class='ocrx_word' id='word_1_349' title='bbox 620 4231 791 4284; x_wconf 87' lang='lat' dir='ltr'>dieser</span> <span class='ocrx_word' id='word_1_350' title='bbox 817 4232 1072 4286; x_wconf 87' lang='lat' dir='ltr'>letzteren</span> <span class='ocrx_word' id='word_1_351' title='bbox 1098 4232 1349 4300; x_wconf 89' lang='lat' dir='ltr'>Meinung</span> <span class='ocrx_word' id='word_1_352' title='bbox 1375 4233 1551 4286; x_wconf 85' lang='lat' dir='ltr'>wollte</span> <span class='ocrx_word' id='word_1_353' title='bbox 1577 4232 1663 4285; x_wconf 91' lang='lat' dir='ltr'>ich</span> <span class='ocrx_word' id='word_1_354' title='bbox 1690 4232 1857 4285; x_wconf 89' lang='lat' dir='ltr'>durch</span> <span class='ocrx_word' id='word_1_355' title='bbox 1882 4233 2050 4286; x_wconf 90' lang='lat' dir='ltr'>meine</span> <span class='ocrx_word' id='word_1_356' title='bbox 2075 4233 2443 4299; x_wconf 84' lang='lat' dir='ltr'>(ablehnende)</span> <span class='ocrx_word' id='word_1_357' title='bbox 2468 4232 2686 4286; x_wconf 89' lang='lat' dir='ltr'>Stimme</span> 
     </span>
    </p>
   </div>
   <div class='ocr_carea' id='block_1_8' title="bbox 216 4320 777 4388">
    <p class='ocr_par' dir='ltr' id='par_1_11' title="bbox 216 4320 777 4388">
     <span class='ocr_line' id='line_1_41' title="bbox 216 4320 777 4388; baseline -0.002 -13"><span class='ocrx_word' id='word_1_358' title='bbox 216 4320 509 4375; x_wconf 85' lang='lat' dir='ltr'>Ausdruck</span> <span class='ocrx_word' id='word_1_359' title='bbox 545 4320 717 4388; x_wconf 90' lang='lat' dir='ltr'>geben</span> <span class='ocrx_word' id='word_1_360' title='bbox 728 4321 777 4374; x_wconf 91' lang='lat'>“.</span> 
     </span>
    </p>
   </div>
  </div>
 </body>
</html>
