3146 4826
777 347 1040 402 Ciceronis
1077 348 1334 419 epistulae
1372 349 1595 403 selectae
1631 349 1823 403 XVIII.
1860 349 2004 404 XIX.
2550 348 2623 407 89

201 510 251 572 et
288 511 413 573 erat
457 508 665 573 adhuc
709 508 1063 591 impudenS,
1112 510 1222 591 qui
1254 510 1601 574 exercitum
1644 511 1711 575 et
1740 509 2130 593 provinciam
2160 511 2359 575 invito
2392 514 2620 576 senatu

195 616 424 692 teneret,
469 617 535 679 et
565 614 787 679 Curio
818 634 1001 680 meus
1033 616 1218 680 illum
1248 616 1576 680 incitabat.
1647 616 2027 680 Antonius
2061 617 2319 697 quidem
2360 621 2621 685 noster

197 723 256 784 et
293 720 359 800 Q.
404 720 743 798 Cassius,
797 722 978 786 nulla
1024 723 1088 786 vi
1134 723 1405 805 expulsi,
1463 722 1552 786 ad
1609 721 2013 787 Caesarem
2070 741 2235 787 cum
2292 724 2617 789 Curione

194 827 484 908 profecti
548 830 794 905 erant,
858 831 1125 911 postea
1192 847 1414 910 quam
1479 832 1794 893 senatus
1860 829 2335 906 consulibUS,
2403 848 2620 912 prae-

196 934 477 1012 toribus,
524 935 862 998 tribunis
908 936 1001 1016 pl.
1049 938 1121 1000 et
1167 935 1410 1012 nobis,
1470 935 1598 1016 qui
1643 954 1772 1017 pro
1821 954 2003 1000 coss,
2051 954 2338 1013 sumus,
2393 954 2619 1018 nego-

196 1039 353 1104 tium
407 1040 748 1118 dederat,
803 1042 890 1104 ut
935 1059 1404 1118 curaremuS,
1460 1060 1549 1105 ne
1608 1042 1786 1123 quid
1841 1061 1961 1106 res
2016 1042 2324 1124 publica
2380 1042 2618 1106 detri-

193 1147 391 1210 menti
435 1149 761 1229 caperet.
837 1147 1212 1229 Numquam
1257 1148 1495 1213 maiore
1542 1149 1610 1212 in
1639 1148 1919 1231 periculo
1953 1149 2177 1213 civitas
2225 1148 2381 1223 fuit;
2429 1168 2615 1214 num·
2641 1168 2666 1209 a

195 1270 353 1332 quam
394 1254 663 1336 improbi
709 1253 877 1317 cives
909 1254 1275 1319 habuerunt
1310 1255 1699 1336 paratiorem
1737 1254 1982 1320 ducem.
2054 1255 2326 1321 Omnino
2374 1274 2449 1319 ex
2495 1256 2615 1321 hac

194 1375 407 1440 quoque
437 1361 621 1442 parte
655 1359 1140 1442 diligentissime
1173 1363 1612 1444 comparatum
1660 1361 1723 1424 id
1769 1361 1844 1425 fit
1877 1362 2257 1426 auctoritate
2306 1364 2371 1425 et
2404 1361 2614 1426 studio

192 1462 414 1547 Pompei
458 1466 679 1543 nostri,
726 1466 836 1547 qui
883 1465 1223 1531 Caesarem
1273 1486 1412 1532 sero
1460 1469 1666 1550 coepit
1711 1467 1956 1531 timere.

333 1572 527 1636 Nobis
593 1572 762 1636 inter
824 1572 941 1636 has
1006 1574 1230 1638 turbas
1307 1575 1567 1638 senatus
1644 1576 1861 1638 tamen
1930 1572 2229 1655 frequens
2299 1573 2614 1654 flagitavit

192 1676 582 1760 triumphum;
648 1679 761 1743 sed
824 1678 1137 1744 Lentulus
1205 1681 1452 1757 consul,
1519 1698 1642 1761 quo
1706 1680 1914 1744 maius
1982 1698 2173 1744 suum
2236 1679 2614 1745 beneficium

189 1781 408 1862 faceret,
453 1785 649 1850 simul
696 1786 889 1866 atque
938 1785 1322 1869 expedisset,
1380 1804 1542 1868 quae
1591 1788 1806 1851 essent
1851 1786 2212 1851 necessaria
2259 1784 2335 1849 de
2383 1804 2450 1850 re
2496 1805 2616 1868 pu-

189 1888 349 1967 blica,
409 1891 567 1956 dixit
621 1910 689 1955 se
745 1893 1120 1957 relaturum.
1220 1892 1354 1957 Nos
1420 1893 1670 1974 agimus
1735 1892 1898 1956 nihil
1960 1892 2184 1975 cupide
2251 1909 2449 1973 eoque
2515 1894 2615 1956 est

189 1998 374 2061 nostra
424 1999 627 2082 pluris
685 1999 1050 2063 auctoritas.
1140 1998 1367 2064 Italiae
1425 2000 1716 2080 regiones
1772 1999 2110 2082 discriptae
2177 2001 2354 2074 sunt,
2421 2017 2614 2080 quam

192 2102 425 2185 quisque
470 2106 727 2188 partem
771 2107 1092 2170 tueretur:
1140 2124 1255 2170 nos
1304 2104 1594 2188 Capuam
1640 2105 2051 2187 sumpsimus.

336 2209 509 2275 Haec
564 2214 629 2276 te
687 2212 846 2276 scire
903 2213 1091 2276 volui.
1183 2213 1278 2276 Tu
1336 2212 1530 2276 etiam
1580 2214 1773 2293 atque
1822 2212 2018 2276 etiam
2065 2229 2235 2288 cura,
2282 2212 2357 2273 ut
2401 2210 2614 2274 valeas

190 2314 530 2399 litterasque
581 2317 662 2383 ad
693 2337 796 2383 me
828 2319 1070 2396 mittaS,
1120 2319 1687 2400 quotienscumque
1719 2319 2000 2393 habebiS,
2048 2318 2152 2382 cui
2198 2316 2325 2381 des.
2402 2316 2615 2380 Etiam

192 2424 355 2504 atque
403 2425 595 2489 etiam
643 2427 802 2490 vale.
892 2427 970 2489 D.
1016 2445 1109 2509 pr.
1155 2425 1310 2490 Idus
1357 2426 1493 2491 Ian.

984 2603 1139 2667 XIX
1185 2608 1285 2682 (ad
1313 2609 1447 2668 fam.
1478 2609 1633 2678 XVI,
1671 2607 1800 2680 12).

619 2708 727 2762 Scr.
766 2708 973 2779 Capuae
1010 2709 1100 2763 IV.
1137 2708 1256 2762 Kal.
1294 2708 1606 2762 Februarias
1644 2725 1689 2762 a.
1728 2725 1780 2762 u.
1819 2724 1862 2760 c.
1902 2705 2006 2762 705
2042 2708 2171 2773 (49).

698 2815 1140 2892 TULLIUS
1198 2815 1272 2891 S.
1309 2818 1404 2891 D.
1446 2814 1804 2890 TIRONI
1861 2812 2078 2889 SUO.

341 2957 479 3037 Quo
534 2959 602 3022 in
659 2958 1020 3023 discrimine
1077 2959 1366 3022 versetur
1427 2958 1602 3021 salus
1658 2974 1803 3020 mea
1859 2959 1923 3019 et
1976 2956 2285 3019 bonorum
2335 2954 2663 3018 omnium1

191 3064 357 3144 atque
410 3065 749 3129 universae
819 3065 913 3129 rei
979 3064 1297 3147 publicae,
1366 3083 1440 3128 ex
1506 3082 1577 3127 eo
1637 3063 1794 3126 scire
1849 3064 2056 3144 poteS,
2131 3061 2296 3143 quod
2364 3060 2618 3124 domos

188 3296 394 3358 partei
431 3295 541 3348 ins
577 3293 893 3347 Unrecht
927 3296 1222 3362 gesetzt.
1263 3321 1331 3331 -
1383 3291 1591 3359 adhuc]
1633 3291 1809 3358 „noch
1845 3291 2083 3344 weiter“.
2123 3319 2190 3329 —
2228 3290 2389 3344 nulla
2423 3288 2502 3356 vi]
2538 3289 2623 3342 be·

189 3379 483 3451 sehonigend
507 3398 627 3437 vom
654 3382 1025 3453 Standpunkte
1052 3382 1145 3436 des
1172 3380 1362 3435 Senats
1390 3397 1504 3434 aus.
1560 3380 1624 3434 In
1651 3378 2022 3433 Wirklichkeit
2050 3377 2259 3432 wurden
2298 3377 2372 3430 sie
2398 3375 2624 3431 bedroht

188 3468 277 3522 und
307 3472 539 3526 mussten
576 3471 663 3524 ffir
697 3470 784 3524 ihr
818 3471 991 3525 Leben
1025 3470 1284 3524 fiirchten.
1324 3500 1392 3508 —
1430 3474 1592 3523 crant
1630 3510 1642 3521 .
1666 3509 1678 3522 .
1699 3508 1712 3522 .
1751 3466 2006 3536 dederat]
2043 3467 2297 3536 Tempora
2333 3465 2425 3517 des
2460 3464 2623 3517 Brief·

188 3556 302 3612 stils.
339 3588 405 3599 —
448 3560 546 3629 qui
575 3576 686 3629 pro
723 3575 851 3615 cose.
888 3560 1100 3627 sumus]
1138 3559 1239 3613 den
1275 3557 1620 3613 Prokonsuln.

310 3661 354 3703 a.
391 3665 459 3704 cx
493 3649 601 3704 hac
627 3647 820 3718 parte]
860 3665 1002 3715 „von
1037 3664 1254 3702 unserer
1288 3647 1491 3701 Seite“.
1540 3676 1609 3685 -
1654 3644 1875 3715 cupide]
1917 3643 2058 3711 „mit
2092 3641 2517 3696 Ieidenschaft“.
2558 3668 2624 3679 —

182 3734 366 3806 pluris]
403 3737 538 3792 Gen.
576 3737 751 3808 pretii.
801 3764 868 3775 -
913 3754 1015 3792 nos
1054 3735 1307 3806 Capuam
1342 3734 1695 3805 eumpeimus]
1732 3733 1829 3787 Bei
1865 3732 1958 3786 der
1994 3731 2304 3798 Verteilung
2339 3729 2625 3783 iibernahm

189 3820 275 3878 Cic.
310 3826 391 3880 die
426 3826 834 3897 Verpflichtung
869 3825 924 3879 in
959 3825 1053 3879 der
1090 3824 1305 3894 Gegend
1340 3841 1439 3878 von
1477 3823 1657 3894 Capua
1694 3823 1777 3877 die
1814 3822 2128 3889 Riistungen
2167 3837 2229 3873 zu
2266 3819 2444 3873 leiten.

1303 3956 1500 4022 XIX.

621 4065 829 4119 Tullius
864 4065 1041 4134 griisst
1077 4065 1254 4119 seinen
1290 4064 1427 4119 Tiro.
1501 4062 1696 4134 Capua,
1734 4063 1820 4118 29.
1856 4061 2057 4116 Januar
2093 4061 2180 4115 49.

190 4161 396 4217 casare
442 4166 961 4218 entechlossener
995 4163 1293 4216 Vorstofs
1338 4178 1543 4228 gegen
1592 4164 1718 4215 den
1762 4161 2383 4214 unentschlossenen
2417 4160 2625 4210 Sonat.

308 4269 458 4324 Nach
497 4270 615 4324 dem
652 4268 908 4324 schroffen
943 4268 1220 4338 Vorgehen
1265 4269 1358 4322 der
1392 4267 1756 4337 Kriegspartei
1803 4265 1860 4319 in
1895 4265 2029 4320 Rom
2078 4268 2165 4333 (ex
2198 4269 2437 4332 utraque
2464 4267 2630 4331 parte

185 4363 301 4412 Μ
334 4359 434 4428 qui
462 4374 727 4430 puqnare
764 4358 1000 4427 cupiant
1036 4358 1190 4428 epist.
1228 4356 1434 4425 XVIII,
1471 4356 1529 4422 2)
1578 4371 1745 4424 gegen
1781 4353 1970 4409 Casars
2008 4353 2244 4420 Antra-ge
2279 4352 2396 4420 galt
2442 4367 2499 4404 es
2547 4350 2630 4403 fiir

650 4444 688 4480 ο
