3146 4826
390 319 495 380 184
1078 321 1340 377 Ciceronis
1375 322 1632 392 epistulae
1669 322 1889 376 selectae
1924 322 2150 377 XXXII.

390 484 455 548 et
500 483 844 549 collecticio
878 483 1156 547 exercitu
1189 502 1335 547 cum
1366 483 1719 564 legionibus
1752 483 2212 547 robustissimis
2247 482 2548 555 contulit;
2595 482 2856 546 victus

390 589 877 672 turpissime
927 589 1177 654 amissis
1225 590 1422 654 etiam
1469 590 1699 655 castris
1747 590 1969 654 solus
2016 589 2253 672 fugit.

338 717 364 756 a
564 695 798 760 Hunc
845 714 986 778 ego
1030 696 1229 760 mihi
1274 696 1473 760 belli
1518 695 1766 761 finem
1811 695 2001 773 feci,
2046 715 2164 761 nec
2209 696 2448 779 putavi,
2493 714 2643 759 cum
2687 694 2860 757 inte-

387 801 485 883 gri
529 819 715 883 pares
759 819 886 865 non
932 800 1294 879 fuissemus,
1353 801 1589 867 fractos
1644 803 1998 886 superiores
2058 802 2209 867 fore.
2289 801 2572 866 Discessi
2633 800 2713 864 ab
2776 818 2860 863 eo

386 907 551 972 bello
568 955 583 985 ,
642 908 710 972 in
772 927 896 989 quo
958 910 1073 972 aut
1132 909 1198 972 in
1262 909 1394 973 acie
1443 908 1799 973 cadendum
1845 908 1969 973 fuit
2014 910 2129 973 aut
2171 910 2239 973 in
2287 907 2536 989 aliquas
2581 906 2857 969 insidias

387 1013 794 1079 incidendum
856 1016 974 1078 aut
1034 1014 1495 1079 deveniendum
1555 1015 1622 1079 in
1684 1016 1937 1081 victoris
1999 1034 2231 1079 manus
2293 1016 2409 1079 aut
2468 1013 2548 1077 ad
2616 1012 2859 1077 Iubam

390 1119 881 1202 confugiendum
943 1122 1056 1184 aut
1117 1121 1460 1204 capiendus
1522 1124 1857 1202 tamquam
1919 1122 2135 1185 exsilio
2195 1122 2372 1185 locus
2434 1120 2549 1184 aut
2610 1119 2860 1183 consci-

390 1224 623 1290 scenda
668 1245 838 1290 mors
885 1227 1261 1290 voluntaria.
1354 1226 1541 1292 Certe
1588 1227 1749 1290 nihil
1793 1226 1918 1291 fuit
1962 1228 2319 1310 praeterea,
2381 1227 2436 1290 si
2497 1228 2560 1290 te
2623 1225 2858 1289 victori

389 1332 591 1396 nolles
639 1334 754 1396 aut
797 1351 924 1397 non
971 1332 1239 1398 auderes
1286 1334 1702 1398 committere.
1793 1334 1887 1397 Ex
1933 1334 2226 1399 omnibus
2274 1335 2491 1398 autem
2535 1332 2634 1409 iis,
2682 1350 2858 1412 quae

391 1437 517 1501 dixi
532 1485 547 1514 ,
608 1439 1022 1503 incommodis
1083 1439 1242 1503 nihil
1305 1439 1698 1504 tolerabilius
1760 1440 1977 1504 exsilio
1992 1488 2007 1517 ,
2068 1440 2447 1523 praesertim
2507 1438 2860 1513 innocenti,

389 1544 500 1607 ubi
543 1545 726 1609 nulla
772 1545 1074 1610 adiuncta
1122 1546 1221 1610 est
1265 1545 1632 1629 turpitudo;
1682 1545 1842 1610 addo
1876 1547 2089 1623 etiam,
2138 1566 2285 1611 eum
2318 1564 2393 1610 ea
2423 1547 2579 1610 urbe
2612 1562 2860 1620 careaS,

390 1650 455 1713 in
504 1668 633 1731 qua
676 1651 839 1715 nihil
884 1652 999 1727 sit,
1063 1650 1229 1734 quod
1275 1651 1487 1717 videre
1532 1652 1737 1734 possis
1785 1652 1920 1717 sine
1977 1652 2222 1716 dolore:
2286 1670 2401 1734 ego
2464 1671 2611 1716 cum
2671 1652 2861 1727 meiS‚

339 1779 361 1816 ⁴
393 1756 446 1820 si
494 1757 833 1839 quicquam
878 1778 1051 1822 nunc
1098 1758 1477 1839 cuiusquam
1524 1760 1642 1834 est,
1690 1758 1885 1822 etiam
1914 1758 1981 1821 in
2012 1759 2170 1823 meis
2205 1777 2343 1822 esse
2375 1757 2591 1822 malui.
2670 1755 2858 1835 Quae

389 1863 786 1941 acciderunt,
844 1864 1057 1929 omnia
1103 1865 1230 1928 dixi
1275 1864 1512 1929 futura.
1605 1865 1663 1928 V.
1685 1865 1811 1929 eni
1857 1864 2206 1941 domum,
2259 1884 2386 1928 non
2436 1883 2559 1945 quo
2608 1864 2860 1946 optima

390 1968 642 2035 vivendi
688 1969 968 2035 condicio
1015 1973 1202 2048 esset,
1250 1971 1360 2035 sed
1391 1974 1629 2048 tamen,
1676 1972 1730 2035 si
1779 1973 1949 2036 esset
1996 1972 2210 2052 aliqua
2254 1970 2459 2035 forma
2504 1971 2599 2034 rei
2640 1970 2862 2053 publi-

390 2093 531 2153 cae,
593 2079 931 2159 tamquam
991 2078 1057 2141 in
1116 2079 1326 2160 patria
1386 2081 1462 2141 ut
1521 2095 1761 2153 essem,
1834 2078 1887 2141 si
1945 2078 2159 2153 nulla,
2220 2081 2553 2159 tamquam
2613 2077 2681 2140 in
2744 2096 2860 2140 ex-

390 2182 546 2246 silio.
636 2184 915 2249 Mortem
960 2184 1119 2248 mihi
1176 2203 1288 2248 eur
1350 2185 1836 2260 consciscerem,
1898 2202 2093 2248 causa
2153 2203 2279 2248 non
2342 2185 2477 2248 visa
2539 2186 2671 2256 est3
2734 2202 2859 2246 cur

391 2290 697 2371 optarem,
745 2290 987 2354 multae
1036 2309 1281 2354 causae.
1375 2291 1582 2355 Vetus
1631 2293 1730 2355 est
1776 2291 1962 2367 enim,
2009 2292 2115 2354 ubi
2164 2310 2289 2354 non
2339 2291 2425 2354 sis
2476 2291 2586 2371 qui
2631 2290 2858 2366 fueriS,

391 2554 602 2609 laeticie
640 2554 905 2622 exercitu]
952 2555 1070 2610 Abl.
1112 2556 1202 2609 des
1239 2555 1463 2623 Mittels,
1502 2556 1820 2609 namentlich
1859 2573 1915 2609 so
1953 2556 2085 2609 ohne
2122 2555 2451 2625 Praposition
2490 2556 2572 2609 bei
2609 2555 2859 2609 militari·

391 2642 548 2696 schen
585 2642 946 2697 Ansdriieken.

536 2744 584 2786 a.
622 2731 821 2800 Hunc]
875 2774 905 2799 ,‚
920 2733 1133 2786 hiermit
1146 2734 1193 2787 “.
1243 2763 1311 2772 —-
1361 2734 1588 2803 intem-i]
1634 2750 1799 2802 gagen
1849 2734 2022 2799 fracti
2032 2774 2048 2800 ,
2093 2749 2261 2800 pares
2307 2749 2473 2800 gegen
2518 2733 2858 2800 superiores,

393 2821 774 2889 ,‚iiberlegen“.
828 2851 895 2859 -
945 2820 1025 2875 ad
1072 2822 1297 2889 Iubam]
1344 2821 1441 2875 Als
1490 2822 1575 2875 die
1624 2823 1981 2892 Hauptmasse
2031 2821 2124 2875 der
2172 2821 2511 2892 Pompejaner
2565 2822 2702 2874 nach
2757 2822 2863 2876 der

391 2908 641 2963 Schlaoht
687 2910 770 2962 bei
807 2910 1094 2964 Pharsalus
1143 2910 1277 2964 nach
1313 2910 1497 2964 Afrika
1545 2911 1674 2979 ging
1693 2952 1706 2977 ,
1758 2910 1882 2964 fand
1932 2911 2007 2963 sie
2057 2927 2121 2963 an
2175 2910 2290 2963 dem
2339 2909 2512 2978 Konig
2559 2909 2701 2964 Juba
2748 2928 2858 2964 von

389 2996 444 3050 N
444 2998 671 3052 umidien
723 2998 873 3052 einen
922 2998 1157 3052 sichel-en
1204 2998 1352 3053 Halt.
1393 3029 1461 3038 --
1500 3004 1784 3068 tamquam
1831 2998 2045 3066 exsilio]
2095 2998 2145 3053 d.
2196 2999 2247 3052 h,
2295 3015 2351 3052 er
2401 2999 2688 3052 verbannte
2737 2999 2859 3052 sich

389 3086 833 3153 gewissermassen
872 3087 1054 3141 selbst.
1086 3116 1152 3125 -
1189 3087 1360 3142 nolles
1378 3117 1445 3126 -
1463 3103 1579 3141 non
1616 3087 1870 3155 auderes]
1908 3104 2003 3140 aus
2030 3086 2318 3154 Ehrgeffihl
2347 3087 2470 3140 oder
2506 3103 2604 3140 aus
2631 3086 2855 3140 Furcht.

390 3172 704 3228 Potentialis
741 3175 835 3229 der
869 3175 1310 3244 Vergangenheit.
1349 3205 1417 3213 --
1454 3176 1506 3230 si
1542 3177 1841 3244 quicquam
1875 3192 2030 3229 nwnc
2065 3176 2395 3243 cuiusquam
2430 3180 2511 3229 est
2523 3214 2540 3241 ,
2578 3176 2750 3229 etiam
2788 3176 2859 3229 in

390 3262 546 3331 meis]
583 3261 687 3317 Cic.
728 3263 981 3317 schrfinkt
1008 3264 1109 3318 den
1138 3262 1447 3318 Gedanken:
1490 3264 1619 3330 „ich
1657 3264 1832 3317 wollte
1866 3264 1968 3317 mit
2003 3263 2103 3317 den
2131 3264 2393 3331 Meinigen
2429 3263 2562 3317 auch
2600 3263 2857 3317 inmitten

390 3367 490 3404 von
540 3351 657 3405 dem
673 3392 686 3417 ,
740 3367 845 3404 was
891 3352 1031 3405 mein
1074 3352 1176 3419 ist,
1228 3352 1392 3406 lieber
1435 3353 1632 3406 leben“
1685 3353 1770 3406 ein
1807 3353 1971 3406 durch
2009 3352 2093 3406 die
2144 3352 2452 3420 resignier‘oe
2489 3352 2856 3420 Bemerkung:

393 3455 573 3505 „wenn
610 3440 933 3508 heutzutage
968 3439 1265 3510 iiberhaupt
1294 3440 1507 3509 jemand
1543 3441 1674 3500 noch
1713 3444 1876 3495 etwas
1913 3441 2022 3495 sein
2059 3440 2224 3509 Eigen
2261 3456 2465 3494 nennen
2499 3442 2645 3495 kann
2655 3442 2705 3495 “.

533 3541 582 3582 4.
632 3526 769 3582 Veni
804 3527 1026 3582 domam
1062 3527 1185 3596 eta]
1232 3527 1337 3583 Cic.
1376 3529 1543 3582 meint
1557 3571 1569 3595 ,
1609 3546 1666 3582 er
1702 3530 1777 3583 sei
1815 3530 2228 3597 zun‘ickgekehrt
2242 3569 2255 3595 ,
2294 3546 2382 3582 um
2417 3531 2492 3583 im
2527 3530 2859 3584 Vaterlande

391 3632 454 3669 zu
490 3615 656 3672 leben.
724 3615 869 3672 Gabe
905 3634 960 3671 es
996 3617 1295 3687 iiberhaupt
1329 3617 1463 3671 noch
1499 3619 1650 3671 einen
1678 3617 1833 3671 Staat
1860 3619 1914 3672 in
1944 3619 2136 3672 seinem
2163 3618 2337 3682 Sinne,
2377 3635 2435 3672 so
2471 3619 2641 3672 konne
2679 3619 2861 3673 dieser

389 3720 490 3757 nur
523 3704 580 3758 in
618 3706 711 3759 der
744 3705 961 3761 Heimat
995 3706 1275 3771 bestehen;
1322 3706 1642 3760 andernfalls
1678 3706 1794 3760 lebe
1829 3723 1887 3760 er
1921 3707 1976 3760 in
2011 3706 2147 3760 Rom
2182 3707 2371 3760 ebenso
2407 3710 2510 3774 gut
2545 3708 2628 3760 als
2664 3709 2720 3761 in
2757 3708 2861 3761 der

388 3789 631 3859 Fremde,
684 3810 830 3847 wenn
877 3795 1006 3848 eben
1059 3794 1306 3863 nirgends
1353 3795 1439 3848 ein
1489 3794 1692 3849 solcher
1739 3795 2237 3863 Verfassungsstaat
2286 3796 2515 3849 bestehe.
2570 3825 2640 3835 —
2696 3803 2862 3853 vetus

391 3878 493 3947 cst]
541 3897 641 3946 „es
675 3881 824 3949 giebt
858 3882 942 3935 ein
979 3884 1115 3937 altos
1152 3882 1501 3953 Sprichwort:
1553 3883 1737 3937 sobald
1785 3900 1907 3937 man
1943 3883 2094 3937 nicht
2127 3884 2276 3937 mehr
2310 3883 2405 3937 der
2440 3884 2517 3937 sei
2531 3925 2545 3949 ,
2596 3884 2694 3938 der
2729 3902 2861 3939 man

389 3967 567 4021 friiher
604 3985 724 4035 war,
760 3969 895 4023 habe
930 3987 1053 4025 man
1088 3971 1273 4026 keinen
1311 3969 1524 4037 Grund,
1561 3988 1646 4025 am
1680 3971 1853 4026 Leben
1889 3989 1955 4025 zu
1990 3972 2196 4040 haugen
2211 3973 2260 4026 “.
2334 3971 2403 4025 So
2441 3975 2565 4040 sagt
2600 3973 2733 4027 Aias
2768 3975 2866 4028 bei

387 4054 547 4125 Soph.
576 4057 682 4111 473
697 4057 782 4111 ff.:
822 4062 1054 4132 αἰσχρὸν
1088 4062 1197 4131 γὰρ
1235 4060 1413 4134 ἄνδρα
1451 4070 1552 4113 τοῦ
1584 4070 1807 4133 μακροῦ
1833 4057 2053 4134 χρῄζειν
2086 4066 2226 4128 βίου,

816 4155 1068 4202 κακοῖσιν
1104 4149 1256 4209 ὅστις
1288 4148 1470 4220 μηδὲν
1504 4149 1911 4210 ἔξαλλάσσεται.

974 4240 1005 4301 ἢ
1040 4239 1216 4297 καλῶς
1252 4239 1343 4303 ζῆν
1379 4239 1411 4301 ἢ
1445 4239 1621 4296 καλῶς
1662 4240 1979 4302 τεθνηκέναι

819 4325 915 4375 τὸν
951 4325 1141 4393 εὐγενῆ
1169 4326 1292 4393 χρή.
