3146 4826
440 361 542 424 192
1198 364 1457 420 Ciceronis
1494 365 1750 435 epistulae
1787 364 2010 418 selectae
2045 364 2128 419 LI.

437 546 583 592 oum
614 526 915 609 improbis
949 544 1087 590 esse
1119 544 1321 608 posse.
1391 528 1508 602 An,
1556 525 1726 607 quod
1760 525 2132 590 adulescens
2163 525 2472 609 praestiti,
2511 543 2658 589 cum
2691 524 2892 589 etiam

437 651 645 697 errare
693 651 839 697 cum
887 632 1285 696 excusatione
1317 650 1590 715 possem,
1635 630 1699 695 id
1746 650 1935 709 nuno,
1983 633 2192 696 aetate
2238 631 2674 714 praecipitata,
2721 649 2894 695 com-

435 739 681 802 mutem
730 756 804 803 ac
850 756 951 802 me
998 738 1131 821 ipse
1178 739 1508 802 retexam?
1584 737 1729 802 Non
1776 736 2032 813 faciam,
2091 755 2295 818 neque
2344 736 2510 819 quod
2558 736 2894 819 displiceat

436 844 849 920 committam,
894 846 1345 927 praeterquam
1379 842 1546 925 quod
1579 843 1856 907 hominis
1902 843 2060 907 mihi
2106 843 2606 907 coniunctissimi
2652 860 2727 907 ac
2772 842 2894 906 viri

437 950 812 1033 amplissimi
857 950 1036 1015 doleo
1083 968 1344 1032 gravem
1391 968 1630 1014 casum.
1722 948 1905 1028 Quod
1963 949 2016 1012 si
2063 948 2249 1012 aliter
2296 966 2502 1013 essem
2549 949 2894 1025 animatuS,

433 1076 786 1139 numquam
835 1056 1001 1137 quod
1048 1056 1324 1120 facerem
1370 1074 1688 1138 negarem,
1735 1074 1814 1120 ne
1866 1057 1931 1119 et
1975 1055 2043 1118 in
2088 1054 2405 1137 peccando
2452 1055 2778 1136 improbus
2825 1056 2895 1118 et

435 1164 500 1226 in
547 1162 1002 1227 dissimulando
1050 1161 1314 1226 timidus
1363 1180 1437 1226 ac
1482 1180 1684 1225 vanus
1734 1161 2148 1226 existimarer.

387 1289 414 1329 s
614 1271 762 1345 „At
815 1269 1086 1345 ludos,
1148 1287 1345 1350 quos
1408 1266 1789 1333 Caesaris
1855 1267 2261 1332 victoriae
2322 1266 2622 1332 Caesar
2692 1266 2894 1330 adu-

436 1375 757 1439 lescens
813 1375 1045 1452 fecit,
1101 1373 1436 1439 curavi.“
1526 1376 1615 1438 At
1660 1374 1724 1437 id
1772 1374 1850 1437 ad
1898 1374 2221 1456 privatum
2267 1371 2576 1448 officium,
2634 1390 2762 1436 non
2809 1371 2893 1435 ad

437 1482 679 1543 statum
726 1481 816 1545 rei
855 1481 1145 1563 publicae
1176 1481 1490 1564 pertinet;
1539 1480 1707 1562 quod
1753 1483 1972 1544 tamen
2018 1498 2253 1543 munus
2301 1480 2367 1543 et
2411 1479 2687 1543 hominis
2735 1480 2894 1542 ami-

437 1586 672 1650 cissimi
717 1588 1057 1652 memoriae
1091 1589 1284 1669 atque
1316 1588 1660 1651 honoribus
1691 1589 2017 1669 praestare
2067 1587 2261 1651 etiam
2306 1586 2544 1649 mortui
2592 1585 2780 1650 debui
2824 1587 2894 1649 et

437 1693 790 1773 optimae
840 1694 1009 1775 spei
1041 1694 1564 1758 adulescenti
1611 1712 1698 1757 ac
1730 1693 2215 1774 dignissimo
2250 1692 2599 1757 Caesare
2645 1693 2895 1775 petenti

387 1818 408 1857 '1
434 1816 666 1879 negare
714 1818 839 1863 non
884 1801 1079 1881 potui.
1150 1800 1315 1863 Veni
1348 1799 1542 1863 etiam
1576 1800 1851 1863 consulis
1884 1798 2143 1863 Antonii
2175 1799 2435 1862 domum
2484 1817 2672 1882 saepe
2720 1799 2895 1863 salu-

436 1904 616 1968 tandi
663 1923 887 1980 oausa3
948 1907 1029 1970 ad
1077 1924 1292 1987 quem,
1350 1906 1461 1986 qui
1512 1923 1615 1969 me
1663 1923 1889 1988 parum
1937 1905 2181 1988 patriae
2231 1906 2554 1968 amantem
2601 1923 2741 1969 esse
2787 1924 2894 1969 ex-

436 2011 756 2088 istimant,
818 2012 1083 2094 rogandi
1129 2010 1384 2092 quidem
1434 2010 1674 2092 aliquid
1737 2013 1850 2075 aut
1912 2010 2239 2076 auferendi
2285 2028 2478 2074 causa
2524 2008 2892 2091 frequentes

438 2118 751 2182 ventitare
799 2118 1090 2200 reperies,

617 2224 742 2289 Sed
780 2243 940 2305 quae
972 2226 1130 2289 haec
1162 2227 1261 2288 est
1308 2224 1790 2306 adrogantia,
1840 2224 2008 2305 quod
2041 2223 2276 2289 Caesar
2305 2241 2658 2304 numquam
2695 2223 2896 2286 inter-

436 2331 714 2412 pellavit,
764 2331 934 2411 quin,
983 2331 1212 2411 quibus
1261 2331 1491 2395 vellem
1539 2333 1732 2413 atque
1782 2330 1974 2394 etiam
2025 2348 2181 2411 quos
2228 2330 2362 2412 ipse
2408 2348 2536 2393 non
2568 2328 2893 2409 diligebat,

439 2507 629 2560 denkst
643 2549 655 2572 ,
705 2523 761 2560 es
800 2507 874 2559 sei
909 2522 1007 2559 von
1045 2506 1097 2560 N
1101 2509 1279 2574 utzen,
1331 2507 1447 2561 dass
1488 2506 1661 2577 jedem
1709 2508 1819 2560 sein
1855 2506 2027 2559 Recht
2062 2506 2377 2573 geschehe“‚
2431 2507 2572 2559 statt
2607 2503 2722 2558 dass
2760 2505 2893 2558 alles

437 2594 571 2647 nach
608 2595 723 2648 dem
762 2594 972 2648 Nutzen
1008 2595 1100 2648 des
1137 2595 1450 2666 politischen
1487 2596 1864 2649 Parteiwesens
1901 2594 2156 2649 beurteilt
2190 2595 2335 2648 wird.
2386 2624 2448 2632 -
2499 2594 2594 2647 An
2631 2593 2756 2660 ete.]
2804 2593 2893 2645 be-

436 2684 588 2737 weist
613 2683 713 2737 den
742 2682 1051 2738 Gedanken:
1093 2685 1221 2750 „ioh
1246 2684 1382 2737 habe
1408 2684 1509 2737 mit
1536 2683 1838 2737 schlechten
1868 2683 2149 2737 Mensehen
2178 2683 2327 2736 keine
2347 2680 2797 2736 Gemeinschaft“.
2820 2710 2889 2718 -

436 2773 582 2840 quod
611 2773 896 2842 praestiti]
938 2773 1100 2840 ,‚das‚
1139 2774 1301 2827 woflir
1334 2773 1419 2826 ich
1457 2773 1760 2826 einstand“.
1811 2802 1878 2811 -
1930 2777 2110 2827 aetate
2143 2769 2546 2841 praecipitata]
2596 2786 2714 2837 „wo
2751 2769 2888 2822 mein

435 2861 746 2930 Lebensweg
795 2862 1023 2915 abwarts
1073 2862 1204 2929 geht
1219 2904 1231 2928 ‚
1284 2861 1399 2915 dem
1452 2859 1625 2915 Grabe
1676 2860 1837 2914 zueilt
1850 2862 1898 2914 “.
1957 2890 2023 2898 -
2079 2876 2158 2914 me
2208 2861 2324 2930 ipse
2372 2858 2635 2925 retexam]
2691 2859 2892 2926 cigent-

435 2950 538 3003 lich
592 2950 729 3015 „das
768 2947 986 3003 Gewebe
1023 2949 1212 3002 wieder
1248 2949 1481 3002 auflbsen
1494 2949 1543 3014 “,
1596 2950 1731 3001 etwa
1782 2965 1941 3001 unser
1992 2949 2182 3014 „einen
2219 2948 2444 3001 anderen
2483 2947 2764 3000 Menschen
2800 2963 2891 2999 an-

438 3036 612 3090 ziehen
629 3040 677 3090 “.

581 3137 626 3178 6.
667 3126 744 3178 At
772 3168 781 3177 .
805 3167 845 3179 ..
876 3126 978 3193 At]
1019 3126 1115 3178 Die
1143 3125 1474 3193 Einfiihrung
1501 3126 1594 3178 des
1623 3124 1903 3178 Einwands
1942 3125 2070 3178 und
2101 3125 2192 3178 der
2220 3125 2597 3193 Widerlegung
2622 3124 2784 3177 durch
2823 3130 2891 3177 at

435 3212 583 3279 giebt
620 3212 789 3266 dieser
825 3213 988 3267 Stelle
1027 3214 1121 3266 das
1159 3212 1397 3284 Gepriige
1435 3214 1576 3266 eines
1616 3213 1852 3267 scharfen
1892 3213 2000 3267 und
2036 3213 2374 3280 energischen
2411 3211 2779 3282 Gegensatzes.
2819 3241 2891 3252 —

439 3299 645 3367 tamen]
698 3300 843 3354 Zwar
879 3318 985 3354 war
1023 3302 1132 3355 dies
1169 3302 1250 3355 ein
1289 3317 1421 3370 ganz
1458 3301 1815 3370 personlicher
1849 3301 2232 3366 Liebesdienst‚
2272 3300 2380 3354 und
2417 3300 2501 3353 ioh
2537 3301 2628 3354 bin
2667 3301 2893 3355 dariiber

437 3387 530 3441 der
565 3377 963 3443 Offentlichkeit
997 3406 1094 3457 gar
1127 3390 1277 3443 keine
1314 3389 1697 3444 Rechenschaft
1744 3390 1986 3457 schuldig
2000 3432 2013 3456 ‚
2062 3390 2187 3443 aber
2224 3390 2452 3456 (tamen)
2490 3389 2575 3443 ich
2614 3390 2717 3442 will
2754 3389 2893 3442 doch

436 3476 622 3530 darauf
655 3477 937 3531 hinweisen
953 3520 965 3544 ‚
1017 3477 1133 3531 dats
1182 3495 1239 3532 es
1289 3478 1456 3531 meine
1504 3477 1869 3546 Schuldigkeit
1916 3494 2023 3530 war
2068 3478 2176 3531 und
2225 3478 2309 3531 ich
2357 3494 2456 3546 gar
2505 3477 2654 3530 nicht
2699 3477 2892 3530 anders

435 3565 660 3619 handeln
698 3567 909 3620 konnte.
949 3602 1016 3611 -
1058 3565 1315 3634 Caesare]
1354 3566 1621 3635 abhangig
1656 3583 1755 3620 von
1794 3566 1909 3620 dem
1946 3566 2106 3619 Dativ
2144 3566 2481 3636 diynissinw.

581 3667 625 3707 ’1.
678 3655 865 3721 etiam]
917 3655 1101 3707 Damit
1144 3653 1410 3707 erweitert
1454 3671 1511 3707 er
1547 3654 1632 3707 die
1667 3654 1833 3707 Reihe
1870 3653 1962 3706 der
1995 3654 2106 3707 ihm
2142 3655 2449 3722 gemachten
2487 3653 2754 3708 Vorwiirfe
2789 3670 2892 3706 von

438 3741 617 3795 selbst.
671 3773 740 3780 —
788 3743 1079 3798 salutandi
1118 3741 1313 3810 caasa]
1364 3742 1462 3795 Die
1497 3741 1834 3810 Begrussung
1870 3742 2174 3796 vornehmer
2207 3742 2411 3810 Btirger
2457 3742 2513 3795 in
2559 3742 2725 3796 ihrem
2765 3741 2894 3794 Vor-

437 3829 647 3882 zimmer
681 3846 920 3897 mergens
959 3831 1076 3884 friih
1116 3830 1417 3901 entspricht
1457 3830 1614 3898 vollig
1649 3847 1887 3884 unserem
1926 3829 2420 3896 „Besuchemachen
2437 3832 2485 3884 “.
2559 3830 2758 3883 Matius
2793 3830 2894 3883 hat

435 3935 535 3971 nur
572 3918 712 3971 diese
748 3918 941 3972 Pflicht
977 3919 1070 3972 der
1096 3919 1421 3973 Hiifh'ehkeit
1457 3918 1655 3984 erffillt,
1692 3918 1897 3985 andere,
1937 3919 2044 3972 und
2083 3935 2217 3972 zwar
2253 3919 2336 3972 die
2372 3919 2465 3972 ihn
2501 3936 2586 3972 am
2623 3919 2893 3972 lautesten

437 4005 639 4072 tadeln,
690 4006 949 4060 besuchen
987 4006 1086 4059 den
1123 4005 1386 4061 Antonius
1424 4006 1794 4060 scharenweise
1831 4005 2184 4074 (frequentes)
2194 4047 2212 4074 ,
2264 4024 2351 4060 um
2398 4007 2548 4060 einen
2585 4007 2790 4061 Vorteil
2828 4024 2894 4061 zu

435 4094 680 4162 erlangen
718 4093 1040 4160 (auferendi
1078 4111 1248 4149 causa
1285 4094 1380 4148 wie
1417 4098 1605 4163 λαβεῖν
1641 4115 1694 4148 τι
1729 4095 1813 4148 bei
1848 4095 2262 4160 Demosthenes).
2319 4094 2496 4150 Cicero
2533 4095 2704 4149 selbst
2740 4096 2893 4150 hatte

373 4213 381 4219 -
437 4181 545 4233 sich
594 4182 814 4250 anfangs
861 4183 995 4236 efter
1042 4200 1109 4235 an
1144 4182 1408 4237 Antonius
1444 4183 1544 4235 mit
1581 4183 1723 4236 einer
1757 4183 1905 4237 Bitte
1950 4183 2209 4252 gewandt.
2259 4212 2326 4221 —
2376 4183 2525 4252 quod
2562 4183 2770 4238 Caesar
2808 4225 2854 4238 ..
2877 4225 2890 4237 .

435 4269 645 4338 uterer]
694 4270 805 4324 Das
840 4270 1139 4324 Relativum
1174 4272 1382 4324 bezieht
1417 4270 1530 4324 sich
1570 4272 1664 4324 auf
1695 4271 1795 4325 den
1831 4270 2042 4325 Schluss
2079 4271 2170 4325 des
2207 4272 2387 4326 Satzes
2432 4289 2501 4326 ne
2548 4288 2685 4341 quos
2730 4273 2892 4327 velim

439 4358 669 4426 diligam
705 4358 812 4411 und
848 4358 1023 4411 erhalt
1051 4358 1213 4411 durch
1243 4359 1325 4411 die
1354 4358 1767 4427 Voranstellung
1795 4360 2029 4427 zugleich
2056 4360 2475 4428 gegensiitzliche
2502 4359 2676 4414 Kraft.
2740 4360 2892 4414 Seine
