3146 4826
894 361 1155 417 Ciceronis
1191 362 1447 431 epistulae
1484 363 1707 416 selectae
1742 364 1982 416 XXXIV.
2566 364 2670 421 145

186 521 638 603 dignissimae.
732 520 913 600 Quod
964 522 1150 586 aliter
1196 522 1493 587 cecidisse
1541 541 1678 586 rem
1727 523 2052 587 existimas
2116 526 2309 605 atque
2371 525 2666 608 opinatus

189 629 311 705 sis,
361 627 427 691 id
474 628 591 691 tibi
636 628 813 692 nullo
859 628 1045 692 modo
1094 629 1435 708 adsentior3
1485 628 1597 693 sed
1645 629 1796 710 quia
1836 631 2021 693 tanta
2063 631 2545 713 perturbatio
2594 633 2669 696 et

187 733 555 798 confusio
620 736 737 798 est
795 753 1071 811 rerum,
1132 735 1224 798 ita
1269 734 1563 817 perculsa
1611 736 1677 799 et
1721 736 2044 817 prostrata
2087 735 2449 800 foedissimo
2503 736 2668 801 bello

192 841 421 904 iacent
466 840 702 915 omnia,
764 842 840 903 ut
883 840 939 903 is
988 840 1216 921 cuique
1277 840 1485 917 locuS,
1546 840 1659 904 ubi
1718 841 1852 924 ipse
1917 841 2026 918 sit,
2089 844 2177 906 et.
2217 842 2336 906 sibi
2398 842 2667 924 quisque

193 947 607 1011 miserrimus
656 964 794 1010 esse
841 946 1159 1022 videatur,
1219 947 1555 1028 propterea
1602 948 1669 1010 et
1714 947 1811 1034 tui
1858 947 2102 1012 consilii
2145 948 2430 1030 paenitet
2475 951 2540 1013 te
2605 950 2670 1013 et

197 1071 354 1129 noS,
402 1052 509 1133 qui
557 1052 728 1116 domi
776 1070 1027 1129 sumus,
1073 1052 1190 1116 tibi
1237 1052 1408 1116 beati
1453 1052 1770 1130 videmur,
1818 1055 1888 1117 at
1934 1055 2154 1118 contra
2198 1054 2380 1118 nobis
2423 1073 2549 1118 non
2595 1057 2668 1118 tu

199 1159 471 1241 quidem
517 1177 758 1223 vacuus
804 1158 1142 1235 molestiiS,
1191 1158 1302 1222 sed
1347 1176 1499 1239 prae
1545 1159 1726 1223 nobis
1774 1159 2019 1223 beatus.
2110 1161 2323 1241 Atque
2369 1161 2488 1225 hoc
2533 1161 2669 1245 ipso

197 1266 434 1330 melior
490 1267 589 1329 est
645 1267 760 1328 tua
816 1283 1009 1346 quam
1076 1267 1298 1328 nostra
1361 1264 1671 1341 condicio,
1738 1265 1906 1347 quod
1971 1267 2080 1343 tn,
2146 1266 2325 1347 qnid
2388 1266 2669 1343 doleat,

200 1372 543 1436 scribere
593 1371 853 1448 andeS,
909 1390 1042 1435 nos
1089 1390 1177 1435 ne
1225 1370 1299 1434 id
1348 1371 1652 1452 quidem
1699 1372 1866 1435 tuto
1912 1390 2342 1454 possumne,
2403 1393 2540 1438 nec
2596 1375 2669 1438 id

202 1480 527 1542 victoris
575 1478 790 1554 vitio,
840 1496 979 1558 quo
1025 1477 1221 1540 nihil
1266 1477 1762 1554 moderatius,
1811 1477 1939 1542 sed
1984 1479 2227 1560 ipsius
2275 1479 2668 1557 victoriae,

202 1603 378 1666 quae
426 1585 714 1649 civilibus
760 1584 944 1649 bellis
993 1602 1242 1666 semper
1290 1587 1390 1648 est
1434 1584 1731 1648 insolens.

391 1691 533 1756 Uno
597 1693 662 1754 te
725 1691 1020 1767 vicimus,
1092 1689 1260 1771 quod
1322 1690 1407 1755 de
1469 1690 1842 1767 Marcelli,
1912 1691 2186 1772 collegae
2234 1691 2356 1767 tui,
2420 1691 2720 1755 salutes

202 1798 401 1881 paulo
452 1799 597 1861 ante
648 1815 842 1877 quam
889 1799 964 1860 tu
1011 1797 1435 1878 cognovimus,
1484 1797 1680 1861 etiam
1727 1797 2088 1862 mehercule
2131 1797 2315 1879 qnod,
2364 1816 2556 1879 quem
2588 1799 2669 1862 ad

205 1904 475 1967 modum
521 1922 597 1968 ea
641 1922 744 1967 res
794 1904 1117 1985 ageretur,
1179 1903 1472 1967 vidimus.
1564 1903 1734 1967 Nam
1797 1904 1888 1968 sic
1947 1903 2049 1968 fac
2111 1904 2462 1980 existimeS,
2525 1906 2671 1987 post

208 2010 331 2073 has
393 2010 708 2086 miseriae,
769 2009 834 2072 id
898 2010 996 2074 est
1055 2012 1399 2092 postquam
1463 2009 1656 2073 armis
1718 2009 2059 2092 disceptari
2106 2011 2400 2093 coeptum
2448 2013 2547 2075 est
2593 2011 2668 2074 de

206 2116 351 2179 iure
397 2115 673 2197 publico,
735 2116 894 2178 nihil
942 2133 1079 2179 esse
1129 2117 1344 2179 actum
1392 2115 1566 2179 aliud
1613 2134 1761 2179 cum
1807 2115 2146 2197 dignitate;
2210 2134 2362 2180 nam
2409 2118 2474 2181 et
2533 2118 2668 2199 ipse

209 2222 451 2287 Caesar
512 2223 812 2286 accusata
874 2221 1219 2285 acerbitate
1275 2221 1562 2285 Marcelli
1626 2256 1709 2266 —
1773 2221 1864 2286 sic
1925 2222 2094 2286 enim
2157 2223 2523 2305 appellabat
2584 2261 2669 2271 —

208 2329 602 2410 laudataque
648 2327 1279 2392 honorificentissime
1326 2329 1392 2391 et
1438 2328 1761 2408 aequitate
1798 2331 1913 2392 tua
1947 2331 2011 2393 et
2041 2329 2380 2412 prudentia
2412 2331 2669 2413 repente

209 2437 466 2518 praeter
513 2454 691 2517 spem
739 2435 914 2512 dixit,
962 2453 1028 2499 se
1078 2435 1328 2499 senatui
1374 2435 1626 2516 roganti
1672 2435 1750 2500 de
1782 2436 2084 2500 Marcello
2130 2455 2210 2501 ne
2259 2438 2486 2501 ominis
2535 2437 2672 2519 qui-

211 2544 363 2606 dem
411 2561 605 2606 causa
651 2543 1055 2623 negaturum.
1145 2542 1411 2606 Fecerat
1466 2544 1686 2606 autem
1747 2542 1866 2606 hoc
1927 2544 2215 2620 senatuS,
2278 2545 2378 2621 nt,
2441 2563 2589 2608 cum
2635 2563 2672 2608 a

208 2771 489 2838 cecidisse]
523 2770 886 2838 ‚,ausgefallen
912 2770 1046 2824 ist“.
1094 2770 1355 2840 Sulpicius
1383 2771 1536 2824 hatte
1565 2770 1677 2824 sich
1705 2772 1760 2823 in
1789 2771 1982 2824 seinem
2010 2771 2181 2824 Briefe
2210 2771 2544 2824 unzufrieden
2571 2772 2673 2824 mit

208 2861 316 2912 den
338 2858 742 2912 Verhiiltnissen
777 2858 1047 2927 geaussert
1082 2860 1194 2926 (tui
1230 2859 1449 2914 consilii
1479 2860 1733 2928 paenitet
1771 2860 1970 2924 unten).
2011 2888 2078 2897 -
2117 2859 2301 2927 atque]
2340 2859 2472 2912 nach
2509 2859 2672 2913 aliter

213 2948 340 3015 „als
352 2949 400 3000 “.
441 2978 509 2986 —
547 2946 756 3015 rerum]
792 2947 939 3001 Viele
966 2948 1146 3000 latein.
1177 2947 1522 3001 Substantiva
1556 2946 1806 3000 bediirfen
1844 2964 1936 2999 zur
1961 2946 2495 3016 Vervollstandigung
2529 2948 2671 3001 ihres

210 3036 468 3104 Begriffcs
484 3078 496 3102 ,
545 3035 927 3105 entsprechend
965 3036 1064 3089 den
1104 3036 1306 3089 Verben
1321 3078 1334 3103 ‚
1385 3053 1479 3089 von
1529 3035 1693 3088 denen
1734 3036 1809 3088 sie
1845 3036 2129 3104 abgeleitet
2166 3036 2284 3089 sind
2299 3079 2312 3104 ‚
2360 3036 2494 3090 noch
2529 3036 2671 3090 eines

212 3125 463 3177 Zusatzes
501 3125 573 3177 im
613 3122 824 3178 Genitiv
838 3167 850 3190 ‚
891 3124 983 3177 der
1018 3125 1088 3177 im
1125 3124 1428 3178 Deutschen
1465 3124 1784 3177 unbeachtet
1819 3125 2000 3179 bleibt.
2074 3124 2141 3178 So
2178 3125 2312 3178 auch
2349 3125 2477 3179 hier.
2549 3124 2671 3194 Vgl.

210 3215 447 3267 mutatio
483 3228 695 3280 rerum,
748 3212 1059 3282 desperatio
1093 3229 1303 3278 rerum,
1352 3228 1490 3267 usus
1524 3229 1712 3267 rerum
1759 3212 2210 3280 („Erfahrung“),
2260 3214 2434 3267 initia
2469 3229 2671 3281 rerum,

211 3301 394 3356 emims
429 3318 617 3355 rerum
652 3319 703 3355 u.
743 3318 790 3355 a.
829 3330 898 3340 —
947 3316 1083 3368 prae
1119 3300 1300 3369 nobis]
1340 3302 1457 3368 „im
1494 3300 1768 3370 Vergleich
1806 3302 1920 3367 mit,
1957 3301 2030 3354 im
2064 3300 2372 3354 Verhaltnis
2411 3318 2475 3353 zu
2510 3303 2670 3355 uns“.

203 3406 352 3458 prae
388 3390 521 3443 wird
556 3391 708 3443 nicht
742 3390 813 3443 im
842 3389 999 3443 Sinne
1036 3391 1128 3443 des
1156 3389 1392 3458 Vorzugs
1431 3414 1494 3433 --
1527 3395 1756 3458 practer
1791 3390 2096 3456 gebraucht.
2138 3416 2201 3425 -
2242 3388 2528 3456 victoriae]
2565 3390 2669 3457 vgl.

210 3479 368 3547 epist.
410 3477 580 3545 XXX,
617 3479 651 3532 3
690 3478 797 3531 und
834 3476 987 3532 Anm.

363 3579 410 3620 ³.
460 3566 581 3621 Uno
618 3572 670 3620 te
705 3567 960 3635 vicimus]
1014 3567 1198 3633 „eines
1247 3567 1417 3620 haben
1462 3567 1558 3620 wir
1594 3583 1686 3620 vor
1722 3566 1806 3619 dir
1839 3568 2028 3620 vora'us
2042 3567 2090 3632 “,
2141 3564 2513 3635 perfektisches
2550 3564 2674 3618 Pra-

213 3672 352 3708 sens.
394 3685 462 3693 —
502 3655 850 3723 coynovimus
887 3654 977 3723 de]
1016 3655 1321 3722 ,‚Kenntnis
1358 3655 1597 3708 erhalten
1634 3656 1793 3708 von“.
1844 3684 1912 3692 —
1960 3654 2057 3719 fac
2092 3653 2384 3720 existimes]
2434 3653 2671 3720 „mache‚

212 3743 334 3796 dass
370 3743 444 3795 du
481 3744 573 3810 gl„
609 3743 800 3811 glaube
823 3743 939 3810 ja“.
980 3774 1048 3782 —-
1087 3742 1153 3798 dc
1179 3744 1303 3797 iure
1322 3742 1569 3812 publico]
1602 3743 1739 3809 „das
1767 3742 2116 3809 Staatsrecht,
2155 3742 2250 3795 das
2277 3757 2383 3794 was
2409 3741 2673 3795 Rechtens

212 3832 291 3885 ist
325 3833 399 3884 im
438 3830 823 3885 Gemeinwescn
836 3832 884 3886 “.
938 3862 1004 3870 —-
1057 3838 1112 3886 et
1155 3832 1276 3901 ipse
1328 3830 1553 3900 Caesar]
1606 3831 1756 3885 Statt
1803 3832 1895 3885 des
1945 3831 2393 3901 entsprechenden
2441 3836 2492 3885 ct
2540 3831 2687 3899 folgt·

214 3922 382 3973 nnten
420 3919 631 3985 fecerat
667 3925 851 3976 autem
887 3926 1125 3975 senatus.
1202 3921 1536 3974 Anakoluthe
1571 3920 1656 3974 hei
1694 3920 1902 3974 solchen
1948 3919 2346 3988 Aufzahlungen
2392 3920 2499 3974 und
2537 3915 2689 3974 Glie-'

211 4009 486 4077 derungen
525 4009 644 4062 sind
680 4010 955 4077 ungemein
990 4009 1172 4078 haufig
1205 4010 1264 4062 in
1290 4009 1427 4062 allen
1454 4008 1735 4079 Sprachen.
1776 4038 1842 4047 —
1878 4024 1948 4061 ne
1982 4008 2183 4062 ominis
2217 3984 2437 4077 quidem
2474 4008 2671 4074 causa]

211 4094 381 4151 Gasar
418 4097 527 4150 will
564 4098 732 4151 selbst
767 4098 861 4151 auf
892 4097 975 4151 die
1012 4096 1209 4152 Gefahr
1244 4098 1337 4151 hin
1353 4140 1365 4164 ‚
1405 4096 1521 4151 dass
1558 4115 1615 4150 es
1652 4098 1732 4151 als
1768 4098 1852 4150 ein
1888 4097 2036 4150 iibles
2071 4096 2384 4150 Vorzeichen
2423 4096 2674 4165 gedeutet

212 4186 425 4239 werden
460 4186 674 4252 konnte,
711 4202 859 4240 wenn
896 4187 980 4240 die
1016 4183 1156 4240 erst'e
1193 4186 1296 4240 seit
1330 4187 1514 4254 langor
1541 4186 1657 4239 Zeit
1683 4186 1847 4239 durch
1875 4186 2219 4253 Mitwirkung
2254 4184 2346 4238 des
2373 4184 2560 4239 Senats
2597 4203 2674 4239 er-

211 4276 425 4329 lassene
450 4274 1055 4344 Regierungsmal'sregel
1081 4275 1231 4328 einen
1260 4275 1428 4328 seiner
1454 4275 1824 4328 erbittertsten
1850 4273 2041 4328 Feinde
2068 4272 2287 4339 betrifft,
2326 4273 2444 4326 dem
2483 4272 2677 4326 Senate

326 4362 601 4418 Crcnnoms
628 4380 904 4417 nrrs'rumn
934 4379 1195 4417 sanno'rffl.
2178 4364 2248 4416 10
