3146 4826
949 332 1210 387 Ciceronis
1246 334 1502 402 epistulae
1540 335 1762 387 selectae
1798 334 1863 387 X.
2561 332 2630 391 41

201 494 368 554 notus
413 492 636 569 fuerit,
701 494 809 574 qui
855 493 1013 556 mihi
1059 495 1308 558 obviam
1363 514 1492 558 non
1537 495 1813 571 venerit,
1875 497 2128 576 praeter
2176 513 2280 559 eos
2329 497 2632 574 inimicoS,

203 599 406 678 quibus
454 598 520 661 id
567 600 796 681 ipsum,
845 618 911 663 se
958 600 1244 664 inimicos
1293 618 1450 677 esse,
1496 620 1625 665 non
1671 600 1891 664 liceret
1923 603 2036 664 aut
2071 601 2472 667 dissimulare
2521 606 2636 666 aut

199 722 425 784 negare.
520 704 683 768 Cum
729 706 1048 769 venissem
1095 705 1173 769 ad
1235 708 1487 788 portam
1534 706 1887 788 Capenam,
1950 707 2184 788 gradus
2248 710 2634 791 templorum

177 810 265 893 ¹ab
305 811 516 873 infimo
565 812 746 892 plebe
796 812 1092 893 completi
1139 814 1351 889 erant,
1408 831 1445 875 a
1493 831 1620 893 qua
1666 814 1898 894 plausu
1943 814 2217 876 maximo
2268 834 2414 878 cum
2462 818 2636 879 esset

197 915 333 977 mihi
391 918 740 996 gratulatio
807 918 1190 998 significata,
1254 919 1477 981 similis
1542 921 1609 981 et
1667 918 2032 999 frequentia
2094 921 2159 982 et
2219 920 2483 1001 plausus
2531 940 2634 984 me

197 1040 376 1102 usque
440 1023 523 1085 ad
590 1022 976 1104 Capitolium
1039 1025 1380 1087 celebravit
1440 1025 1506 1086 in
1568 1024 1828 1105 foroque
1885 1027 1951 1088 et
2004 1027 2069 1087 in
2122 1026 2257 1107 ipso
2322 1025 2632 1108 Capitolio

196 1128 463 1191 miranda
509 1129 859 1193 multitudo
908 1129 1048 1192 fuit.
1140 1129 1451 1193 Postridie
1500 1131 1564 1192 in
1614 1132 1868 1206 senatu,
1918 1132 2027 1211 qui
2073 1131 2196 1194 fuit
2243 1131 2375 1195 dies
2423 1132 2637 1195 Nona-

196 1251 319 1296 rum
368 1234 742 1316 Septembr.‚
792 1237 1043 1299 senatui
1091 1237 1329 1316 gratias
1378 1237 1643 1317 egimus.

352 1341 442 1404 Eo
490 1341 685 1405 biduo
738 1361 884 1405 cum
940 1344 1110 1405 esset
1173 1360 1458 1405 annonae
1524 1361 1777 1405 summa
1824 1343 2057 1406 caritas
2107 1346 2175 1407 et
2219 1344 2507 1408 homines
2557 1345 2688 1408 ada

196 1446 501 1510 theatrum
550 1449 773 1530 primo,
822 1448 1045 1511 deinde
1096 1448 1175 1511 ad
1223 1450 1519 1512 senatum
1568 1450 2060 1526 concurrissent,
2108 1451 2389 1532 impulsu
2438 1450 2639 1515 Clodii

194 1571 320 1615 mea
363 1573 556 1635 opera
603 1554 910 1617 frumenti
955 1555 1234 1636 inopiam
1282 1574 1420 1618 esse
1469 1556 1850 1631 clamarent,
1914 1574 2060 1618 cum
2120 1575 2233 1637 per
2296 1574 2399 1619 eos
2463 1557 2637 1619 dies

198 1662 516 1723 senatus
583 1660 669 1723 de
735 1679 1050 1724 annona
1113 1661 1458 1724 haberetur
1505 1663 1569 1724 et
1619 1661 1698 1724 ad
1746 1662 1882 1724 eius
1945 1662 2452 1743 procurationem
2509 1681 2639 1725 ser-

195 1783 357 1828 mone
404 1786 535 1829 non
587 1768 794 1829 solum
841 1768 1060 1848 plebiS‚
1107 1786 1330 1830 verum
1371 1768 1564 1830 etiam
1596 1768 1903 1831 bonorum
1934 1767 2273 1849 Pompeius
2305 1769 2640 1831 vocaretur

196 1869 365 1950 idque
411 1873 551 1955 ipse
601 1876 888 1953 cuperet,
950 1872 1422 1954 multitudoque
1473 1892 1509 1936 a
1556 1892 1659 1936 me
1705 1874 2111 1949 nominatim,
2175 1876 2249 1937 ut
2309 1874 2372 1937 id
2428 1873 2640 1937 decer-

197 1995 411 2054 nerem,
458 1980 838 2061 postularet,
885 1978 1005 2042 feci
1053 1982 1118 2042 et
1165 1982 1458 2043 accurate
1494 1980 1880 2043 sententiam
1928 1979 2069 2043 dixi.
2148 1979 2312 2044 Cum
2345 1981 2642 2043 abessent

199 2085 565 2161 consulareS,
614 2085 780 2165 quod
830 2087 972 2148 tuto
1020 2104 1086 2149 se
1134 2090 1441 2166 negarent
1471 2104 1654 2168 posse
1689 2087 2072 2149 sententiam
2120 2086 2343 2162 dicere,
2390 2087 2644 2167 praeter

196 2189 552 2253 Messallam
601 2193 668 2254 et
711 2190 1078 2267 Afranium,
1140 2190 1381 2255 factum
1446 2194 1545 2254 est
1600 2193 1860 2254 senatus
1910 2193 2271 2255 consultum
2318 2192 2384 2254 111
2430 2210 2641 2254 meam

200 2298 599 2372 sententiam,
662 2299 738 2359 ut
799 2316 945 2360 cum
1005 2296 1302 2380 Pompeio
1367 2299 1695 2378 ageretur,
1760 2299 1835 2360 ut
1898 2316 2039 2361 eam
2100 2316 2235 2361 rem
2297 2297 2645 2379 susciperet

197 2402 403 2484 lexque
437 2403 735 2468 ferretur.
815 2402 953 2481 Quo
1002 2406 1262 2468 senatus
1311 2404 1599 2468 consulto
1646 2405 1911 2469 recitato
1961 2405 2256 2468 continuo
2291 2411 2437 2468 cum
2468 2423 2642 2468 more

198 2650 374 2703 11ὲὶ11161
400 2652 503 2704 11111
532 2650 738 2703 Namen
765 2649 1006 2717 begriil'st
1043 2651 1153 2703 sein
1191 2651 1381 2704 wollte.
1423 2681 1486 2688 —-
1527 2652 1605 2704 ad
1636 2658 1860 2720 portam
1888 2650 2191 2719 Capenam]
2231 2651 2325 2703 das
2358 2650 2645 2703 siidlichste

197 2735 321 2791 'l'hor
356 2739 450 2792 der
487 2741 718 2805 alteren,
767 2740 859 2790 auf
891 2738 1100 2791 Servius
1139 2739 1605 2807 zuriickgefiihrten
1645 2740 1754 2792 und
1790 2757 1892 2792 nur
1928 2740 1982 2792 in
2022 2740 2280 2807 wenigen‚
2332 2739 2644 2806 gewaltigen

197 2824 377 2880 Resten
414 2829 725 2880 erhaltenen
762 2828 977 2879 inneren
1008 2827 1361 2893 Stadtmauer,
1400 2828 1509 2880 also
1548 2828 1641 2880 der
1676 2828 1988 2895 eigentliche
2025 2828 2265 2895 Eingang
2303 2845 2364 2879 zu
2404 2828 2496 2879 der
2529 2826 2648 2879 Alt-

196 2916 345 2969 stadt.
409 2918 533 2969 Von
570 2916 686 2968 11161
722 2916 896 2968 fiihrte
935 2915 1017 2968 die
1044 2916 1143 2968 Via
1177 2916 1364 2985 Appia,
1404 2916 1560 2969 deren
1588 2917 1948 2969 Meilensteine
1985 2934 2082 2970 von
2122 2916 2213 2968 der
2250 2915 2411 2968 Porta
2440 2913 2645 2983 Capena

201 3004 256 3055 ab
302 3005 543 3070 zahlten,
596 3004 730 3057 nach
766 3003 955 3056 Siiden.
1007 3035 1074 3042 —
1127 3005 1196 3057 ab
1233 3004 1443 3072 infimo]
1482 3004 1662 3072 haufig
1698 3005 1829 3057 auch
1868 3005 1937 3057 ab
1974 3005 2114 3057 imo.-
2166 3020 2306 3069 „von
2354 3007 2514 3055 unten
2562 3002 2646 3054 bis

202 3091 373 3146 oben“.
414 3124 482 3131 —
524 3094 589 3144 in
626 3092 848 3158 senatu]
887 3093 969 3145 1116
1005 3093 1147 3145 Rode
1176 3099 1308 3159 post
1344 3092 1591 3146 reditum
1626 3094 1690 3145 in
1726 3098 1921 3146 senatu
1959 3092 2151 3145 habita
2187 3092 2262 3144 ist
2296 3091 2542 3159 gemeint.

331 3194 375 3234 6.
416 3198 479 3235 eo
511 3180 705 3247 biduo]
745 3181 1053 3248 cigentlich:
1094 3180 1407 3247 „innerhalb
1442 3181 1610 3233 dieses
1639 3181 1929 3233 Zeitraums
1958 3198 2056 3234 von
2087 3181 2208 3233 zwei
2235 3180 2472 3248 Tagen“‚
2512 3180 2561 3233 d.
2592 3169 2650 3232 h.'

202 3269 310 3321 21161
343 3270 486 3338 Tage
538 3269 781 3321 nachher.
837 3299 903 3306 —
956 3286 1079 3322 cum
1117 3310 1128 3322 .
1153 3310 1163 3322 .
1186 3310 1197 3321 .
1237 3268 1381 3336 cum]
1433 3269 1526 3321 das
1578 3272 1717 3321 erste
1756 3268 1908 3322 Glied
1958 3269 2049 3321 der
2086 3268 2301 3321 Periode
2350 3268 2498 3335 giebt
2547 3268 2646 3320 den

202 3353 369 3410 Grund
408 3377 473 3411 zu
516 3358 630 3409 dem
672 3357 886 3410 zweiten
923 3374 1005 3411 an.
1080 3357 1310 3410 Deshalb
1348 3357 1466 3409 sind
1505 3357 1589 3410 die
1626 3357 1807 3410 beiden
1846 3357 2013 3423 Teile,
2066 3357 2133 3409 da
2182 3357 2255 3409 sie
2303 3357 2358 3409 in
2396 3356 2647 3408 verschie-

201 3444 366 3499 denem
403 3446 718 3500 Verhaltnis
757 3463 868 3499 zum
909 3446 1210 3515 Hauptsatz
1250 3446 1433 3498 stehen
1450 3488 1462 3510 ,
1511 3446 1897 3498 unverbunden.
1937 3475 2004 3484 —
2043 3461 2163 3497 mea
2198 3444 2388 3513 opera]
2437 3443 2648 3497 Clodius

200 3534 290 3600 gab
326 3536 426 3589 den
465 3535 647 3590 Cicero
686 3536 764 3587 als
800 3534 1032 3587 Ursache
1070 3535 1162 3587 der
1196 3533 1471 3601 Tenerung
1516 3551 1584 3586 an
1602 3576 1614 3600 ,
1664 3534 1779 3586 weil
1829 3535 2173 3600 seinetwegen
2223 3532 2305 3584 die
2342 3530 2500 3584 Stadt
2549 3530 2648 3583 mit

200 3620 470 3678 Menschen
510 3624 764 3676 iiberffillt
800 3624 874 3675 sei
911 3623 1034 3690 (vgl.
1074 3624 1205 3675 oben
1242 3622 1560 3676 incredibili
1598 3638 1867 3676 concursu
1902 3621 2146 3684 Italiae).
2208 3620 2364 3672 Diese
2401 3618 2649 3671 Beschul-

203 3710 389 3781 digung
424 3712 639 3766 machte
677 3712 853 3764 diesen
888 3712 1070 3779 gewiss
1109 3711 1504 3778 zuganglicher‚
1555 3711 1639 3763 die
1675 3711 1731 3763 in
1767 3710 1860 3762 der
1895 3709 2199 3776 Einleitung
2241 3726 2302 3761 zu
2353 3708 2472 3760 dem
2508 3707 2655 3760 Brief

203 3800 557 3855 bezeichneten
586 3801 848 3853 Wiinsche
879 3800 968 3852 des
996 3801 1175 3869 Pomp.
1205 3817 1268 3851 zu
1297 3802 1577 3852 vertreten.
1609 3830 1676 3837 —-
1704 3798 2055 3864 nominatim]
2086 3797 2551 3864 ‚,ausdriicklich“.
2581 3825 2646 3834 -

203 3887 555 3958 decernerem]
597 3890 790 3956 „dastir
826 3907 889 3942 zu
927 3890 1233 3944 stimmen“.
1274 3919 1341 3927 —-
1380 3888 1662 3956 accurate]
1699 3889 1754 3940 in
1782 3888 1945 3941 Pmsa
1981 3888 2165 3939 immor
2200 3903 2302 3940 nur
2337 3886 2392 3938 in
2419 3886 2652 3954 passiver

203 3975 533 4046 Bedeutung:
575 3980 720 4045 „mit
757 3978 1016 4046 Sorgfalt‚
1056 3978 1438 4031 ausfiihrlich“.
1479 4006 1552 4020 —2
1586 3977 1735 4045 quod
1768 3976 2054 4044 neyarent]
2092 3976 2201 4028 Der
2235 3974 2560 4042 Konjunktiv
2596 3973 2651 4025 in

206 4067 402 4121 solchcn
437 4068 646 4134 Satzen,
688 4068 770 4120 die
807 4067 938 4120 doch
976 4068 1088 4120 eine
1124 4084 1256 4134 ganz
1293 4067 1595 4119 bestimmte
1624 4065 1916 4118 Thatsache
1953 4065 2243 4130 enthalten,
2283 4065 2392 4116 also
2431 4064 2531 4115 den
2566 4060 2651 4113 In·

205 4153 393 4209 dikativ
429 4161 690 4211 erwarten
725 4157 925 4222 lassen‚
975 4156 1053 4208 ist
1088 4173 1144 4209 so
1182 4173 1243 4208 211
1291 4155 1555 4221 erklaren,
1608 4153 1723 4206 dass
1770 4153 1853 4205 die
1899 4154 1952 4205 in
2005 4153 2122 4205 dem
2160 4153 2257 4205 Inf.
2297 4152 2431 4218 (hier
2470 4150 2651 4217 posse)

203 4245 479 4313 verborgen
528 4245 763 4297 ruhende
799 4244 1118 4297 Modusform
1168 4244 1258 4297 des
1295 4241 1649 4310 Konjunktivs
1688 4242 1851 4294 durch
1904 4242 2052 4294 einen
2090 4240 2373 4308 Ausgleich
2422 4237 2514 4291 auf
2558 4236 2651 4287 das

202 4329 424 4386 Verbum
459 4333 674 4386 finitum
710 4333 1027 4400 iibertragen
1055 4332 1199 4385 wird.
1241 4361 1306 4369 —
1348 4332 1535 4399 lexque
1571 4329 1833 4397 ferretur]
1873 4330 1981 4382 Der
2009 4326 2463 4381 Senatsbeschlufs
2500 4322 2654 4376 sollte
