3146 4826
917 357 1178 413 Ciceronis
1215 358 1472 429 epistulae
1509 360 1731 413 selectae
1767 360 1912 413 XIX.
2578 360 2645 418 91

229 520 564 600 Accepimus
596 519 1011 596 0031110101133,
1060 519 1170 583 3311
1217 519 1327 596 113,
1373 523 1449 583 31
1494 523 1819 584 removeat
1862 521 2181 603 praesidia
2228 540 2302 585 ex
2348 523 2426 586 iis
2473 523 2645 599 10013,

228 642 364 706 quae
415 625 764 708 occupavit,
821 627 896 689 ut
952 625 1086 689 sine
1143 627 1321 689 metu
1380 626 1457 689 de
1512 626 1614 689 his
1669 626 1826 709 ipsis
1883 626 2350 693 condicionibus
2406 630 2645 693 Romae

224 733 452 795 senatus
512 732 733 795 haberi
794 732 1014 815 possit.
1124 732 1200 795 Id
1265 733 1371 797 1113
1437 733 1492 796 31
1553 731 1829 812 fecerit„
1874 752 2017 816 spes
2083 737 2183 799 est
2244 736 2420 817 pacis
2441 784 2455 811 ‚
2519 754 2645 801 non
2668 755 2693 795 4

222 838 489 902 honestae
547 875 630 883 —
686 839 861 919 leges
919 839 1089 903 enim
1144 839 1559 921 imponuntur
1617 876 1728 915 —-‚
1786 839 1897 904 sed
1955 840 2204 922 quidvis
2260 843 2360 905 est
2413 842 2644 905 melius

222 962 389 1024 quam
430 945 518 1008 sic
564 963 703 1008 esse
750 948 826 1008 ut
873 964 1114 1010 sumus.
1211 945 1323 1010 Sin
1357 948 1575 1010 autem
1621 947 1728 1010 ille
1777 948 1910 1011 suis
1958 948 2426 1012 condicionibus
2474 949 2643 1013 stare

223 1051 487 1128 noluerit,
543 1052 786 1115 bellum
842 1054 1143 1135 paratum
1199 1055 1323 1130 est,
1379 1054 1516 1117 3133
1580 1053 1753 1117 1110111
1808 1056 2054 1132 tamen,
2111 1054 2282 1135 quod
2329 1055 2647 1119 sustinere

222 1157 309 1220 ille
356 1176 474 1221 non
518 1159 748 1240 possit,
804 1159 1184 1241 praesertim
1232 1178 1379 1223 cum
1427 1179 1465 1223 a
1511 1159 1644 1223 suis
1693 1160 2161 1225 condicionibus
2208 1162 2343 1243 ipse
2391 1160 2644 1242 fugerit,

224 1263 444 1328 tantum
474 1265 660 1328 modo
708 1267 785 1328 ut
834 1284 981 1329 eum
1011 1266 1538 1343 intercludamus,
1586 1285 1666 1330 ne
1715 1267 1794 1330 ad
1828 1268 2052 1332 urbem
2083 1268 2286 1350 possit
2334 1267 2644 1344 accedere,

222 1370 365 1449 quod
417 1372 828 1453 sperabamus
882 1372 1020 1436 fieri
1075 1391 1291 1454 posse3
1359 1371 1628 1436 dilectus
1697 1373 1865 1436 enim
1920 1392 2186 1455 magnos
2251 1373 2645 1438 habebamus

221 1477 703 1558 putabamusque
735 1478 920 1541 illum
952 1481 1257 1555 metuere,
1306 1479 1359 1542 si
1408 1478 1487 1542 ad
1517 1479 1745 1542 urbem
1791 1480 1881 1543 113
1915 1480 2241 1561 coepisset,
2288 1498 2367 1543 ne
2403 1478 2645 1544 Gallias

221 1583 535 1659 amitteret,
594 1601 756 1664 quas
805 1584 1024 1648 ambas
1073 1585 1267 1648 habet
1321 1584 1794 1648 inimicissimas
1840 1586 2093 1667 praeter
2139 1584 2644 1667 TranspadanoS,

224 1705 283 1750 311
320 1689 744 1771 Hispaniaque
793 1709 902 1755 sex
948 1691 1225 1772 legiones
1284 1693 1349 1755 et
1394 1709 1630 1772 magna
1685 1691 1919 1755 auxilia
1963 1690 2223 1755 Afranio
2283 1694 2349 1755 et
2393 1691 2645 1755 Petreio

224 1794 451 1860 ducibus
498 1797 694 1861 habet
740 1815 778 1860 a
823 1799 1032 1879 tergo:
1092 1797 1369 1875 videtur,
1417 1797 1470 1860 si
1516 1798 1817 1874 insaniet,
1873 1816 2057 1880 posse
2105 1798 2399 1880 opprimi,
2455 1797 2643 1861 modo

221 1904 283 1964 31
327 1905 469 1967 urbe
526 1905 721 1968 salva.
821 1904 1169 1968 Maximam
1227 1907 1446 1969 autem
1508 1905 1766 1987 plagam
1832 1904 2099 1987 accepit,
2166 1903 2332 1984 quod
2388 1904 2470 1980 is,
2536 1903 2645 1984 qui

221 2026 507 2073 summam
563 2011 1014 2074 auctoritatem
1070 2011 1136 2073 in
1192 2011 1365 2075 illius
1423 2011 1700 2075 exercitu
1755 2011 2059 2086 habebat,
2123 2011 2191 2073 T.
2237 2010 2644 2086 LabienuS,

220 2115 397 2179 300133
443 2118 697 2182 30313113
745 2136 882 2182 3333
928 2117 1164 2181 noluit:
1221 2118 1482 2199 reliquit
1527 2118 1713 2180 illum
1759 2119 1826 2180 et
1871 2118 1971 2181 est
2015 2117 2371 2193 nobiscum,
2426 2116 2645 2179 multi-

223 2238 325 2300 que
365 2222 526 2287 idem
572 2222 807 2287 facturi
855 2242 992 2288 esse
1041 2223 1359 2288 dicuntur.

370 2329 497 2410 Ego
530 2330 742 2394 adhuc
775 2348 920 2394 orae
953 2330 1314 2395 maritimae
1359 2348 1661 2412 praesum
1709 2348 1747 2393 a
1776 2329 2063 2393 Formiis.
2134 2327 2404 2392 Nullum
2435 2328 2643 2392 maius
2669 2345 2694 2384 ε

217 2438 511 2517 negotium
559 2438 878 2520 suscipere
927 2438 1124 2514 volui,
1182 2457 1305 2519 quo
1361 2438 1507 2519 plus
1556 2437 1726 2521 apud
1769 2437 1955 2501 illum
2011 2455 2190 2501 meae
2246 2437 2497 2500 litterae
2545 2455 2646 2500 co-

217 2541 706 2626 hortationesque
765 2545 843 2608 ad
899 2563 1122 2627 pacem
1178 2546 1494 2618 valerent3
1553 2545 1652 2608 sin
1710 2544 1928 2608 autem
1977 2544 2097 2609 erit
2142 2543 2409 2619 bellum,
2468 2541 2646 2606 video

215 2667 303 2713 me
348 2641 562 2715 castris
613 2654 679 2715 et
734 2652 925 2715 certis
983 2651 1339 2733 legionibus
1394 2650 1860 2733 praefuturum.
1951 2650 2170 2714 Habeo
2227 2650 2422 2713 etiam
2468 2649 2647 2712 illam

213 2756 572 2834 molestiam,
633 2757 801 2838 quod
847 2758 1182 2821 Dolabella
1227 2758 1443 2820 1103131
1499 2757 1668 2840 apud
1717 2755 2057 2821 Caesarem
2105 2756 2219 2819 est.

213 2880 402 2890 —-——-—2-—

211 2948 462 3005 findenden
491 2951 783 3005 romischen
807 2950 1230 3004 Wochenmarkt.
1263 2980 1331 2989 —
1368 2950 1463 3005 sed
1498 2950 1609 3018 ita]
1651 2950 1793 3017 „mit
1820 2950 1912 3003 der
1938 2948 2432 3015 Einschrankung“.
2485 2946 2648 3002 cesar

213 3040 349 3093 sollte
382 3041 489 3094 also
527 3041 670 3094 scine
704 3039 939 3094 Vorteile
974 3057 1007 3093 v
1021 3057 1051 3093 o
1064 3056 1093 3093 r
1128 3039 1374 3094 weiteren
1408 3038 1852 3107 Verhandlungen
1890 3039 2158 3107 aufgeben.

336 3142 381 3181 4.
420 3130 556 3199 13933
593 3127 984 3197 imponuntwr]
1023 3128 1155 3182 Vom
1192 3127 1534 3197 Standpunkt
1567 3129 1711 3181 eines
1748 3130 1932 3196 streng
1967 3126 2456 3197 republikanischen
2492 3123 2648 3179 Sena·

211 3217 309 3269 1013
342 3234 442 3271 war
478 3235 535 3271 es
571 3218 850 3271 immerhin
886 3217 1000 3270 eine
1036 3216 1398 3285 Demiitigung
1435 3216 1542 3270 und
1580 3214 2105 3285 Geringschatzung,
2144 3232 2293 3269 weun
2330 3215 2492 3270 011331
2536 3215 2648 3268 31011

209 3303 291 3357 der
314 3305 699 3374 Staatsgewalt‚
730 3306 813 3359 die
840 3306 1041 3359 freilich
1069 3305 1246 3359 nichts
1273 3306 1422 3360 mehr
1448 3306 1527 3359 als
1555 3305 1759 3359 Namen
1790 3305 1898 3359 und
1924 3304 2195 3359 Tradition
2224 3305 2309 3358 fiir
2336 3304 2449 3358 sich
2474 3305 2644 3370 hatte,

212 3393 343 3447 nicht
386 3396 477 3448 auf
509 3393 693 3449 Gnade
730 3395 837 3447 und
874 3394 1132 3462 Ungnade
1180 3394 1427 3462 iibergab.
1480 3422 1546 3432 -
1598 3392 1770 3462 stare]
1821 3394 2016 3463 aliqua
2063 3410 2122 3448 re
2172 3393 2493 3461 „verharren
2543 3392 2646 3457 auf,

210 3481 307 3535 sich
330 3483 615 3551 beruhigen
641 3484 786 3537 bei“.
825 3511 896 3521 —
932 3483 1102 3552 quod]
1142 3507 1205 3526 =
1238 3489 1305 3537 ut
1333 3482 1397 3537 id
1420 3482 1681 3550 (bellum).
1722 3512 1790 3522 —
1829 3488 2050 3536 tantum
2082 3481 2243 3537 modo
2279 3482 2368 3548 ut]
2408 3496 2649 3547 „vorans-

205 3574 393 3637 gesetzt
427 3572 606 3626 dass“.
670 3571 970 3641 Eigentlich
1007 3573 1103 3626 wie
1139 3572 1370 3626 nachher
1403 3572 1561 3626 modo
1596 3577 1665 3626 ut
1700 3572 1783 3626 ein
1815 3571 2185 3625 Wunschsatz.
2252 3569 2320 3624 So
2358 3568 2477 3622 sind
2513 3568 2647 3622 auch

207 3657 281 3712 die
310 3661 668 3728 griechischen
703 3660 1190 3729 Bedingungssiitze
1227 3677 1323 3714 aus
1359 3659 1778 3714 Wunschsiitzen
1823 3660 2296 3728 hervorgegangen.
2369 3656 2649 3710 Dieselben

205 3744 457 3803 Partikeln
507 3749 716 3803 werden
760 3750 832 3802 im
868 3749 1172 3802 Deutschen
1190 3791 1202 3815 ,
1251 3749 1616 3802 Lateinischen
1662 3749 1772 3802 und
1811 3746 2179 3802 Griechischen
2216 3763 2311 3800 zur
2344 3744 2651 3814 Einleitung

203 3836 331 3891 eines
363 3838 660 3893 Wunsches
696 3838 791 3891 wie
828 3838 970 3892 einer
1004 3838 1320 3906 Bedingung
1354 3837 1695 3906 angewandt:
1735 3853 1946 3904 wenn,
1983 3836 2057 3905 si,
2094 3842 2187 3904 ut,
2226 3841 2367 3901 εἴθε,
2408 3840 2561 3899 αἴθε,
2602 3840 2652 3889 εἰ

206 3927 311 3998 γὰρ.
357 3957 427 3966 -
477 3943 575 3982 sex
611 3927 864 3996 leyiones]
904 3927 999 3981 das
1034 3927 1176 3981 Heer
1212 3929 1304 3980 des
1339 3927 1519 3997 Pomp.
1558 3956 1627 3964 —
1666 3925 1828 3981 modo
1863 3931 1933 3980 ut
1968 3926 2100 3981 wrbe
2135 3924 2316 3992 salva]
2368 3927 2557 3992 „moge
2592 3940 2650 3977 es

203 4028 291 4067 nur
322 4016 632 4084 geschehen,
670 4016 805 4069 ohne
840 4015 958 4069 dass
996 4016 1079 4069 die
1114 4014 1451 4086 Hauptstadt
1485 4015 1709 4069 leidet“.
1750 4044 1817 4053 -
1858 4015 1918 4069 T.
1948 4013 2257 4081 Labienus]
2295 4014 2391 4068 der
2422 4013 2651 4080 ffihigste

202 4099 351 4171 Legat
386 4104 595 4171 (333313,
632 4104 721 4157 fiel
757 4105 831 4158 im
866 4104 1089 4175 Kampfe
1124 4120 1290 4173 gegen
1327 4103 1422 4157 ihn
1456 4104 1541 4157 bei
1576 4103 1792 4158 Munda.

332 4207 375 4247 5.
416 4211 455 4247 a
490 4192 762 4259 Formiis]
800 4192 873 4246 Er
908 4192 1197 4246 iibernahm
1235 4209 1334 4246 von
1370 4192 1566 4245 diesem
1602 4191 1852 4260 Landgut
1887 4195 1950 4258 (3.
1991 4208 2052 4244 zu
2091 4191 2245 4261 epist.
2275 4189 2423 4256 XIII,
2463 4191 2518 4254 1)
2553 4202 2650 4243 aus

199 4278 299 4333 eine
332 4280 439 4335 Art
474 4280 740 4336 Aufsicht
758 4281 890 4335 iiber
926 4281 1010 4334 die
1045 4280 1324 4334 latinische
1360 4280 1547 4335 Kiiste.
1596 4310 1663 4319 -
1715 4279 2027 4349 Dolabella]
2066 4279 2150 4333 ein
2187 4279 2479 4332 Lebemann
2498 4320 2510 4342 ,
2549 4277 2650 4331 mit

201 4364 301 4421 dem
336 4368 544 4426 Ciceros
581 4369 811 4423 Tochter
846 4368 1179 4438 ungliicklich
1217 4369 1536 4423 verheiratet
1572 4385 1695 4423 war.
2635 4397 2639 4400 >
