3146 4826
436 349 541 410 190
1198 350 1456 404 Ciceronis
1492 350 1749 418 epistulae
1785 350 2007 404 selectae
2041 349 2126 402 LI.

385 530 411 573 2
612 512 784 576 Nota
829 512 1000 575 enim
1044 510 1202 573 mihi
1248 511 1419 586 sunt,
1467 528 1630 591 quae
1677 510 1743 573 16
1788 528 1891 573 166
1923 512 2068 592 post
2099 508 2390 575 Caesaris
2422 512 2697 574 mortem
2744 528 2898 574 con-

434 617 735 682 tulerint:
799 616 1003 680 vitio
1050 616 1248 679 mihi
1294 615 1518 692 dant,
1566 615 1775 697 quod
1821 618 2160 679 mortem
2205 616 2560 680 hominis
2607 634 2894 680 neces-

435 724 638 787 sarii
699 722 1073 804 graviter
1131 721 1302 786 fero
1363 724 1608 803 atque
1669 740 1873 797 eum,
1935 740 2169 802 quem
2226 721 2511 799 dilexi,
2570 723 2893 805 perisse

433 829 846 911 indignor;
895 829 1077 892 aiunt
1123 829 1291 893 enim
1322 829 1600 911 patriam
1641 827 1956 892 amicitiae
1988 828 2501 911 praeponendam
2546 847 2700 905 esse,
2747 847 2897 910 pro-

434 936 579 1000 inde
627 954 701 999 ac
747 935 802 998 si
845 935 976 999 iam
1023 934 1288 999 vicerint
1333 934 1577 999 obitum
1610 934 1746 997 eius
1776 934 1869 998 rei
1898 933 2187 1016 publicae
2219 933 2415 998 fuisse
2447 935 2689 998 utilem.
2763 932 2895 998 Sed

434 1060 562 1106 non
610 1059 797 1122 agam
845 1042 1088 1104 astute:
1137 1040 1343 1104 fateor
1389 1059 1492 1104 me
1541 1040 1621 1103 ad
1652 1040 1850 1103 istum
1881 1040 2152 1121 gradum
2184 1040 2530 1123 sapientiae
2574 1058 2702 1103 non
2748 1058 2895 1122 per-

434 1148 717 1221 venisse;
779 1164 984 1228 neque
1046 1147 1217 1211 enim
1263 1145 1605 1212 Caesarem
1660 1147 1725 1210 in
1771 1145 2161 1210 dissensione
2209 1147 2376 1211 civili
2422 1166 2566 1211 sum
2614 1148 2896 1222 secutum,

438 1252 548 1318 sed
596 1255 892 1329 amicum,
939 1270 1334 1334 quamquam
1377 1271 1445 1317 re
1492 1251 1878 1328 offendebar‚
1924 1253 2144 1317 tamen
2188 1272 2315 1317 non
2362 1252 2636 1328 deserui,
2679 1271 2894 1333 neque

435 1361 678 1424 bellum
709 1376 1020 1439 umquam
1049 1359 1229 1423 civile
1262 1361 1377 1422 aut
1408 1359 1604 1423 etiam
1636 1376 1897 1422 causam
1930 1358 2339 1423 dissensionis
2371 1359 2647 1440 probavi,
2694 1376 2895 1439 quam

438 1466 631 1530 etiam
678 1467 1048 1528 nascentem
1096 1465 1412 1545 exstingui
1459 1483 1707 1528 summe
1757 1464 1991 1528 studui.
2080 1463 2311 1546 Itaque
2357 1465 2424 1527 in
2469 1465 2731 1528 victoria
2775 1464 2896 1527 ho-

436 1572 625 1636 minis
657 1571 1000 1635 necessarii
1029 1589 1235 1652 neque
1266 1571 1519 1635 honoris
1549 1589 1758 1652 neque
1781 1572 2086 1653 pecuniae
2112 1570 2444 1634 dulcedine
2478 1589 2622 1634 sum
2646 1572 2897 1652 captuS‚

439 1678 669 1760 quibus
715 1677 1013 1759 praemiis
1050 1676 1297 1757 reliqui,
1343 1677 1556 1740 minus
1597 1676 1772 1758 apud
1821 1695 1969 1740 611111
2016 1694 2210 1757 quam
2258 1694 2372 1757 ego
2419 1695 2567 1740 cum
2610 1678 2897 1757 possent,

436 1783 850 1848 immoderate
893 1786 1046 1847 sunt
1076 1783 1274 1846 abusi.
1348 1784 1560 1863 Atque
1609 1783 1802 1847 etiam
1849 1800 1951 1846 res
1997 1781 2328 1846 familiaris
2374 1800 2520 1846 mea
2563 1782 2701 1862 lege
2735 1780 2899 1846 Cae-

440 1890 600 1953 saris
648 1889 978 1953 deminuta
1036 1890 1165 1964 est,
1228 1889 1409 1953 cuius
1456 1888 1756 1953 beneficio
1802 1889 2088 1971 plerique
2106 1936 2120 1965 ,
2182 1889 2293 1970 qui
2340 1887 2629 1952 Caesaris
2684 1890 2898 1951 morte

438 1996 792 2072 laetantur,
848 1997 1295 2059 remanserunt
1339 1996 1405 2058 in
1452 1995 1730 2059 civitate.
1823 1993 2079 2059 Civibus
2135 1994 2318 2059 victis
2375 1996 2451 2057 ut
2505 1995 2898 2078 parceretur,

391 2118 416 2160 ³
440 2120 640 2183 aeque
701 2119 776 2165 ac
834 2120 946 2183 pro
1005 2119 1150 2165 mea
1209 2102 1417 2165 salute
1475 2102 1775 2165 laboravi.
1881 2100 2154 2165 Possum
2213 2101 2440 2182 igitur,
2503 2101 2613 2181 qui
2669 2117 2896 2163 omnes

587 2322 633 2366 2.
671 2312 828 2367 Nota
862 2318 1016 2379 sunt,
1054 2328 1195 2380 quae
1233 2312 1592 2379 contulerint]
1631 2328 1727 2365 aus
1763 2311 1906 2365 61661·
1941 2311 2380 2378 Verschmelzung
2417 2311 2510 2364 der
2546 2310 2730 2364 beiden
2764 2310 2899 2364 Ver-

439 2400 741 2468 bindungen
766 2406 960 2456 notum
994 2406 1090 2469 est,
1128 2417 1269 2469 quae
1298 2401 1632 2456 contulerint
1666 2401 1772 2454 und
1807 2405 1946 2455 nota
1972 2406 2123 2468 swnt,
2160 2416 2303 2469 qnae
2330 2399 2688 2455 contulerunt
2725 2416 2787 2452 611
2816 2417 2899 2453 61·-

439 2489 636 2542 klaren.
693 2488 791 2542 Die
826 2489 1148 2557 regelrechte
1174 2489 1633 2556 Unterscheidung
1668 2489 1759 2542 des
1795 2489 2093 2543 indirekten
2129 2488 2251 2543 Fra
2258 2491 2564 2557 gesatzes
2598 2490 2674 2542 ist
2708 2490 2764 2542 in
2800 2489 2899 2542 der

439 2576 929 2646 Umgangssprache
955 2576 1089 2629 noch
1117 2576 1266 2630 nicht
1292 2576 1708 2644 611866611166666.
1746 2575 1866 2644 Vgl.
1897 2593 1960 2629 zu
1989 2577 2142 2646 epist.
2162 2576 2431 2642 XXXVII,
2459 2577 2511 2631 4.
2551 2607 2620 2615 --
2647 2575 2898 2646 proinde

441 2681 509 2719 ac
543 2665 614 2731 si]
653 2665 748 2718 wie
783 2666 947 2734 quasi
983 2665 1158 2732 (vero)
1195 2665 1349 2734 epist.
1388 2663 1557 2729 XXX,
1595 2664 1629 2718 3
1658 2682 1707 2718 u.
1727 2665 1903 2730 Anm.)
1941 2665 2064 2717 oder
2096 2664 2335 2733 proinde
2372 2666 2554 2733 quasi,
2590 2665 2701 2717 eine
2736 2664 2898 2718 ironi-

442 2753 563 2806 sche
599 2753 974 2821 Widerlegung
1010 2753 1101 2806 des
1138 2753 1267 2806 eben
1304 2751 1783 2823 ausgesprochenen
1819 2752 2103 2819 Vorwurfs‚
2140 2753 2314 2806 indem
2349 2752 2558 2820 gezeigt
2591 2752 2736 2819 wird,
2773 2751 2897 2805 dass

442 2842 611 2896 dieser
647 2842 740 2895 auf
770 2842 913 2894 einer
947 2841 1339 2895 unbewiesenen
1376 2840 1484 2893 und
1520 2839 1750 2893 falschen
1786 2839 2212 2909 Voraussetzung
2254 2840 2465 2894 beruht.
2517 2870 2583 2878 —
2633 2840 2895 2907 vicerint]

442 2948 485 2983 6.
514 2930 634 2984 Ace.
664 2947 707 2984 c.
736 2930 836 2983 Inf.
879 2955 943 2973 =
984 2928 1216 2983 dicendo
1251 2930 1469 2983 vincere
1505 2930 1536 2997 ξ
1572 2929 1610 2982 4
1635 2928 1796 2994 Ende‚
1835 2929 1929 2981 wie
1965 2928 2261 2993 defendere
2297 2930 2328 2997 ξ
2368 2930 2398 2981 7
2436 2945 2543 2982 vor.
2570 2928 2728 2982 Brief.
2781 2929 2899 2982 Der

441 3018 639 3071 Beweis
678 3017 806 3071 wird
835 3018 947 3071 also
973 3018 1052 3071 als
1080 3016 1201 3085 Sicg
1228 3018 1361 3070 nach
1391 3018 1558 3070 616661
1585 3016 1781 3085 Kampf
1803 3017 2125 3084 angesehen:
2166 3018 2310 3083 „mit
2337 3017 2430 3070 der
2456 3017 2681 3071 Ansicht
2705 3017 2896 3071 durch-

442 3106 723 3174 dringen“.
761 3106 882 3173 Vgl.
912 3106 1215 3176 Soph.-Ant.
1245 3107 1378 3160 233:
1418 3103 1568 3179 δεῦρ’
1595 3108 1838 3173 ἐνίκησεν
1862 3110 2069 3178 μολεῖν.
2110 3134 2175 3144 -
2215 3105 2328 3160 Sed
2351 3122 2470 3159 non
2497 3122 2659 3175 aqam
2683 3105 2897 3172 astute]

444 3193 919 3261 Zusammenhang:
956 3194 1049 3247 Ich
1086 3195 1281 3248 konnte
1318 3193 1455 3247 mich
1491 3210 1660 3261 gegen
1695 3193 1795 3246 den
1818 3193 2063 3247 Vorwurf
2086 3194 2253 3247 damit
2279 3188 2617 3261 verteidigen,
2655 3191 2771 3246 dass
2810 3193 2900 3247 dic

443 3281 718 3352 politische
754 3281 1144 3350 Berechtigung
1179 3299 1276 3335 von
1306 3281 1495 3336 Casars
1521 3280 1853 3349 Ermordung
1880 3281 2011 3335 doch
2040 3283 2172 3335 noch
2198 3298 2295 3350 gar
2321 3282 2474 3335 nicht
2508 3281 2750 3335 erwiesen
2786 3282 2896 3346 sei;

443 3370 575 3424 doch
611 3369 723 3422 dies
760 3369 956 3421 konnte
981 3385 1101 3422 man
1129 3369 1392 3423 vielleicht
1420 3368 1723 3438 spitzfindig
1749 3370 1977 3437 (astute)
2015 3386 2234 3423 nennen.
2290 3370 2525 3423 Deshalb
2552 3369 2781 3422 bekenne
2807 3370 2899 3422 ich

444 3460 594 3525 offen,
634 3458 751 3512 dass
789 3457 872 3511 ich
910 3457 993 3511 die
1020 3475 1182 3526 ganze
1208 3458 1602 3527 Berechtigung
1636 3458 1729 3511 der
1754 3458 1992 3527 Anklage
2028 3459 2233 3527 leugne,
2272 3458 2340 3511 da
2375 3460 2463 3512 1611
2497 3459 2576 3511 616
2612 3457 2898 3510 Μ666611

444 3548 552 3601 116(1
578 3547 701 3600 Fre
717 3547 847 3600 und
883 3547 984 3600 mir
1009 3548 1158 3600 keine
1182 3546 1545 3600 Vorschriften
1571 3547 1787 3601 machon
1813 3547 1967 3602 16666.
2007 3576 2073 3587 -
2113 3547 2191 3600 ad
2215 3549 2386 3601 istwm
2406 3547 2650 3617 gradum
2674 3546 2901 3614 sapien-

446 3633 579 3704 tiae]
629 3636 731 3688 mit
765 3635 932 3688 einem
969 3634 1161 3702 Anflug
1196 3651 1296 3688 von
1333 3634 1505 3688 Ironie
1553 3636 1776 3704 inbezug
1822 3636 1915 3688 auf
1945 3636 2048 3689 den
2084 3633 2387 3689 Grundsatz
2414 3636 2666 3704 patriam
2701 3633 2900 3688 antici·

444 3724 555 3778 tiae
589 3722 1040 3790 praeponendam
1075 3738 1199 3776 esse.
1240 3751 1305 3761 —
1345 3728 1449 3777 aut
1486 3723 1677 3790 etiam]
1717 3724 1881 3790 „oder
1915 3724 2048 3777 auch
2084 3725 2245 3778 nur“.
2307 3725 2418 3778 Das
2455 3723 2690 3791 folgende
2726 3722 2900 3776 etiam

444 3811 520 3864 ist
555 3810 823 3877 steigernd
860 3810 969 3863 und
1006 3810 1240 3878 zugleich
1266 3811 1632 3880 berichtigend
1658 3835 1728 3855 ==
1757 3811 2106 3877 „vielmehr“.
2149 3840 2214 3850 —
2253 3829 2478 3867 cansam
2516 3810 2897 3877 dissensionis]

446 3897 697 3951 zwischen
717 3896 879 3952 Casar
896 3898 1004 3951 und
1023 3899 1316 3967 Pompejus.
1348 3928 1415 3938 -—
1445 3898 1666 3967 studui]
1694 3900 1823 3952 wird
1850 3899 1951 3952 mit
1969 3900 2087 3953 dem
2105 3899 2481 3969 Nebenbegriff
2493 3899 2586 3953 des
2603 3898 2904 3952 Wunsches

445 3986 691 4039 zuweilen
739 3985 841 4038 mit
889 3986 1006 4039 dem
1052 3985 1172 4039 Ace.
1210 4002 1253 4040 c.
1290 3986 1444 4041 Infin.
1484 3987 1799 4041 verbunden.
1873 3986 1941 4040 So
1987 3988 2121 4041 auch
2157 3990 2310 4059 epist.
2348 3988 2488 4056 XIV,
2531 3989 2613 4043 13.
2667 4016 2733 4027 —
2783 3988 2906 4057 leae

448 4073 721 4141 Caesaris]
774 4075 903 4127 111161·
950 4073 1033 4127 (116
1070 4073 1560 4143 Schuldentilgung.
1634 4074 1685 4129 S.
1724 4092 1788 4128 611
1823 4076 1978 4145 epist.
2019 4075 2212 4142 XXIV,
2250 4078 2301 4131 2.
2374 4077 2501 4131 Dies
2551 4075 2740 4131 Gesetz
2789 4093 2906 4130 war

445 4162 547 4216 den
583 4160 901 4229 Glaubigern
951 4161 1216 4215 natiirlich
1262 4164 1583 4231 ungtinstig,
1631 4164 1846 4217 manche
1883 4163 2177 4218 Schuldner
2212 4165 2533 4218 verdankten
2567 4181 2626 4218 es
2660 4165 2771 4218 11116
2810 4166 2905 4218 da-

445 4265 637 4317 868611,
687 4248 804 4302 dass
853 4250 927 4302 sie
963 4249 1339 4317 existenzfahig
1373 4250 1580 4304 blieben
1615 4251 1801 4316 (cuins
1839 4252 2100 4319 beneficio
2127 4253 2381 4322 plerique
2416 4255 2799 4309 remanserunt
2835 4253 2905 4307 in

448 4336 710 4403 civitate).
749 4364 817 4375 —
856 4336 1070 4391 eim'bus
1103 4336 1284 4404 vietis]
1323 4354 1364 4391 6.
1402 4338 1465 4391 Β.
1504 4337 1697 4392 Cicero.
1771 4338 1823 4393 S.
1859 4356 1967 4395 vor.
2005 4339 2155 4394 Brief
2183 4341 2215 4410 ξ
2250 4341 2303 4395 5.
