3146 4826
521 341 621 395 146
1219 340 1478 393 Ciceronis
1514 338 1771 408 epistulae
1809 337 2030 391 selectae
2065 337 2306 391 XXXIV.

516 500 585 561 L.
631 498 860 563 Pisone
906 499 1147 564 mentio
1195 500 1366 563 esset
1410 497 1583 564 facta
1643 499 1720 563 de
1766 497 2069 562 Marcello
2131 499 2196 561 et
2242 497 2309 563 C.
2355 497 2697 561 Marcellus
2758 514 2821 559 se
2879 494 2950 558 ad

519 606 809 669 Caesaris
869 605 1061 688 pedes
1126 605 1483 681 abiecisset,
1562 606 1831 673 cunctus
1895 607 2306 685 consurgeret
2364 605 2429 668 et
2489 602 2570 666 ad
2633 601 2953 667 Caesarem

519 712 783 794 supplex
831 711 1173 776 accederet.
1264 710 1412 775 Noli
1460 729 1793 792 quaerere:
1856 711 1967 774 ita
2026 710 2211 774 mihi
2270 709 2586 793 pulcher
2644 709 2765 772 hic
2807 707 2954 770 dies

518 819 726 881 visus
773 820 915 894 est,
976 820 1060 898 ut
1108 818 1433 900 speciem
1482 818 1816 899 aliquam
1863 816 2161 881 viderer
2205 816 2458 880 videre
2507 815 2724 896 quasi
2776 814 2954 877 revi-

468 924 884 988 miscentis
953 924 1063 987 rei
1137 924 1506 1005 publicae.
1612 922 1842 1004 Itaque
1906 942 2052 990 cum
2113 940 2330 986 omnes
2394 924 2541 985 ante
2602 940 2705 984 me
2765 919 2956 1001 rogati

519 1030 757 1112 gratias
806 1029 1064 1094 Caesari
1112 1030 1394 1111 egissent
1436 1031 1692 1113 praeter
1736 1029 2103 1093 Volcatium
2150 1064 2233 1074 -—
2280 1028 2351 1091 is·
2384 1028 2568 1103 enim,
2616 1028 2671 1091 si
2717 1045 2787 1091 eo
2829 1027 2955 1090 loco

521 1138 713 1213 esset,
773 1136 1032 1216 negavit
1078 1154 1145 1199 se
1192 1135 1515 1199 facturum
1561 1136 1760 1200 fuisse
1807 1172 1924 1212 —,
1986 1153 2099 1216 ego
2148 1137 2412 1216 rogatus
2458 1134 2705 1198 mutavi
2756 1150 2955 1196 meum

521 1242 882 1316 consilium3
938 1260 1089 1306 nam
1147 1244 1528 1319 statueram,
1588 1262 1714 1307 non
1769 1243 2130 1306 mehercule
2185 1241 2441 1315 inertia,
2497 1240 2608 1305 sed
2663 1239 2954 1304 desiderio

521 1348 823 1430 pristinae
870 1348 1220 1430 dignitatiS,
1267 1350 1333 1412 in
1379 1351 1760 1432 perpetuum
1806 1351 2036 1412 tacere.
2127 1348 2345 1429 Fregit
2397 1348 2516 1410 hoc
2561 1365 2779 1410 meum
2824 1363 2954 1409 con-

522 1454 734 1517 silium
781 1456 847 1519 et
893 1454 1248 1519 Caesaris
1294 1455 1737 1537 magnitudo
1794 1455 2022 1518 animi
2070 1457 2136 1517 et
2181 1456 2443 1518 senatus
2492 1452 2796 1525 officium;
2848 1452 2956 1514 ita-

522 1579 643 1641 que
697 1561 1048 1642 pluribus
1104 1562 1353 1625 verbis
1411 1562 1526 1642 egi
1585 1560 1894 1626 Caesari
1950 1561 2269 1642 gratiae,
2330 1578 2561 1640 meque
2615 1561 2830 1623 metuo
2881 1574 2952 1620 ne

521 1651 713 1731 etiam
777 1668 843 1730 in
900 1667 1127 1731 ceteris
1183 1668 1372 1730 rebus
1426 1667 1692 1731 honesto
1758 1667 1884 1730 otio
1948 1667 2277 1750 privatim,
2343 1666 2511 1747 quod
2575 1668 2716 1730 erat
2768 1682 2954 1728 unum

521 1774 825 1838 solacium
872 1774 937 1837 in
983 1774 1189 1837 malis.

700 1879 823 1943 Sed
886 1882 1129 1956 tamen,
1199 1880 1496 1961 quoniam
1563 1878 1754 1960 effugi
1820 1880 1957 1944 eius
2024 1877 2460 1955 offensionem,
2526 1879 2635 1959 qui
2696 1877 2948 1941 fortasse

522 1987 936 2050 arbitraretur
982 2005 1083 2050 me
1130 1987 1295 2050 hanc
1339 2005 1475 2050 rem
1516 1985 1840 2068 publicam
1885 2004 2011 2049 non
2057 1987 2301 2067 putare,
2350 1986 2403 2048 si
2448 1987 2752 2068 perpetuo
2799 1985 2954 2046 tace-

521 2112 681 2169 rem,
750 2092 992 2156 modice
1048 2093 1167 2156 hoc
1221 2092 1450 2156 faciam
1509 2094 1623 2155 aut
1679 2093 1874 2155 etiam
1927 2092 2098 2155 intra
2153 2090 2440 2167 modum,
2509 2092 2594 2153 ut
2639 2093 2714 2154 et
2755 2089 2954 2152 illius

522 2199 904 2262 voluntati
951 2200 1024 2261 et
1068 2199 1253 2262 meis
1301 2198 1580 2262 studiis
1629 2198 1969 2261 serviam.
2054 2196 2224 2260 Nam
2271 2197 2392 2260 etsi
2440 2215 2477 2260 a
2515 2197 2720 2278 prima
2759 2195 2953 2259 aetate

520 2324 623 2367 me
655 2305 858 2368 omnis
893 2323 996 2367 ars
1046 2307 1110 2368 et
1143 2304 1428 2367 doctrina
1458 2304 1738 2367 liberalis
1788 2306 1853 2367 et
1883 2304 2155 2366 maxime
2187 2303 2585 2386 philosophia
2616 2300 2954 2375 delectavit,

522 2415 739 2476 tamen
783 2411 905 2474 hoc
951 2410 1235 2474 studium
1283 2410 1510 2475 cotidie
1557 2411 1957 2492 ingravescit,
2007 2409 2189 2475 credo
2239 2411 2304 2474 et
2336 2410 2566 2474 aetatis
2597 2407 2953 2473 maturitate

524 2657 606 2710 die
642 2657 1019 2725 Begnadigung
1072 2658 1165 2711 des
1201 2657 1272 2710 M.
1326 2657 1478 2710 nicht
1524 2657 1856 2724 abschlagen.
1930 2657 2040 2709 Das
2086 2673 2186 2710 von
2236 2656 2402 2709 vielen
2454 2658 2594 2709 statt
2645 2655 2832 2709 ominis
2876 2669 2952 2721 ge-

521 2748 694 2800 lesene
730 2747 968 2801 hominis
1004 2747 1079 2800 ist
1115 2746 1332 2799 deshalb
1370 2745 1530 2798 schon
1565 2745 1750 2812 falsch‚
1790 2746 1906 2799 weil
1934 2745 2026 2798 der
2053 2744 2182 2798 Sinn
2211 2745 2350 2797 dann
2371 2750 2603 2814 propter
2631 2747 2767 2797 statt
2795 2756 2952 2797 causa

522 2835 785 2888 erfordern
821 2835 1014 2888 wiirde.
1054 2864 1122 2873 —
1158 2836 1225 2888 L.
1261 2835 1415 2900 Piso]
1452 2834 1656 2888 Konsul
1694 2835 1762 2890 58
1780 2877 1792 2901 ,
1844 2834 2033 2889 Casars
2070 2833 2523 2901 Schwiegervater.
2610 2833 2733 2885 Man
2777 2828 2951 2884 schloss

522 2925 652 2977 eben
704 2924 893 2977 daraus
907 2966 919 2988 ,
977 2924 1094 2977 dal's
1149 2924 1233 2978 die
1285 2939 1448 2991 ganze
1503 2921 1668 2975 Sache
1722 2923 1825 2976 mit
1877 2922 2067 2977 Casars
2121 2922 2555 2975 Einverstandnis
2608 2920 2840 2989 geschah.
2890 2946 2948 2955 —-

526 3011 582 3066 0.
620 3013 944 3080 Marcellus]
984 3012 1067 3065 ein
1094 3012 1281 3065 Vetter
1315 3010 1544 3078 (frater)
1583 3012 1672 3064 des
1698 3012 1924 3064 Marcus.
1964 3041 2032 3049 —
2067 3011 2187 3064 noli
2220 3011 2501 3080 quaerere]
2540 3034 2605 3052 =
2647 3009 2780 3078 quid
2803 3021 2951 3075 quae·

521 3099 646 3154 ris?
685 3100 913 3166 „kurz“.
970 3099 1021 3152 S.
1053 3117 1117 3152 zu
1143 3100 1298 3169 epist.
1327 3098 1550 3166 XXXII,
1581 3100 1631 3152 2.
1663 3129 1729 3137 —-
1765 3099 2018 3167 speciem]
2050 3099 2192 3165 „den
2219 3099 2423 3165 Schein,
2451 3099 2601 3152 einen
2628 3094 2948 3151 Schimmer“.

667 3199 716 3240 4.
753 3188 820 3241 L.
865 3188 1144 3243 Volcatius
1182 3188 1399 3255 Tullus]
1436 3187 1641 3241 Konsul
1677 3189 1762 3242 66.
1826 3187 1900 3241 Er
1927 3187 2122 3241 schlol's
2160 3188 2269 3241 sich
2297 3204 2397 3240 von
2425 3188 2524 3240 den
2552 3187 2949 3253 Danksagtmgen

524 3275 616 3327 der
651 3275 869 3342 iibrigen
907 3292 1002 3328 aus
1016 3317 1028 3341 ‚
1066 3276 1182 3329 weil
1218 3293 1276 3329 er
1311 3276 1411 3329 den
1448 3292 1647 3343 ganzen
1681 3276 1932 3344 Vorgang
1966 3276 2313 3343 missbilligte.
2354 3306 2422 3313 —
2460 3292 2520 3329 eo
2558 3275 2693 3343 loco]
2733 3291 2834 3340 „an
2866 3272 2947 3326 Ca-

525 3380 639 3416 sars
675 3362 898 3417 Stelle“.
938 3392 1005 3401 —
1044 3362 1357 3431 consilium]
1397 3363 1712 3430 „Vorsatz“.
1753 3395 1821 3403 —
1857 3363 2126 3430 officium]
2168 3364 2295 3430 „die
2331 3364 2578 3416 amtliche
2606 3363 2948 3426 Verrichtung,

524 3451 606 3504 die
644 3451 1064 3520 pflichtmassige,
1102 3452 1388 3505 rechtliche
1425 3451 1728 3519 Stellung“‚
1767 3453 1823 3505 in
1859 3452 1942 3505 die
1980 3453 2073 3505 der
2100 3452 2261 3505 Sonat
2291 3452 2430 3520 jetzt
2465 3451 2653 3505 wieder
2688 3449 2950 3518 eingesetzt

525 3541 716 3594 sehien.
767 3569 834 3578 —
877 3541 1139 3610 pluribus
1174 3541 1350 3594 verbis
1385 3541 1472 3609 e9i
1510 3540 1740 3595 Caesari
1771 3537 2010 3612 qratias]
2050 3541 2146 3593 Als
2183 3541 2267 3593 die
2303 3540 2464 3594 Reihe
2499 3541 2584 3592 bei
2621 3539 2713 3594 der
2745 3537 2950 3592 Abstim·

523 3646 687 3698 mung
723 3630 889 3682 durch
924 3629 1209 3696 Umfragen
1246 3629 1486 3697 (royare)
1523 3645 1593 3683 an
1629 3628 1734 3684 Cic.
1772 3629 1891 3682 kam
1905 3671 1918 3691 ,
1965 3629 2100 3683 hielt
2147 3646 2205 3682 er
2240 3629 2324 3682 die
2360 3629 2494 3682 noch
2531 3629 2795 3682 erhaltene
2825 3623 2949 3679 Rode

523 3734 617 3787 pro
654 3718 727 3771 M.
765 3718 1030 3772 Marce110.
1084 3748 1152 3757 —
1189 3733 1375 3786 meque
1410 3723 1594 3771 metuo
1628 3733 1698 3771 ue
1736 3758 1748 3770 .
1771 3759 1781 3770 .
1807 3758 1818 3770 .
1847 3717 2154 3787 privarim]
2203 3718 2337 3771 nach
2384 3717 2477 3771 der
2526 3718 2648 3770 sehr
2692 3711 2948 3785 gebrauch-

525 3806 696 3858 lichen
734 3806 1221 3875 Periodenstellung
1257 3824 1289 3859 a
1308 3827 1321 3859 z
1341 3806 1388 3859 A
1410 3826 1422 3859 :
1442 3822 1475 3858 a
1489 3848 1502 3873 ,
1553 3806 1647 3859 der
1682 3807 1777 3859 wir
1812 3806 1884 3858 im
1922 3806 2210 3859 deutschen
2247 3806 2382 3859 nahe
2415 3806 2654 3859 kommen
2692 3804 2847 3858 durch
2876 3800 2948 3853 ein

525 3894 957 3971 eingeschobenes
1008 3896 1254 3962 „furchte
1299 3895 1443 3949 ich“.
1496 3925 1563 3933 -
1616 3894 1712 3949 scd
1749 3894 1955 3960 tamen]
2007 3895 2059 3947 d.
2106 3895 2159 3948 h.
2209 3911 2358 3947 wenn
2405 3894 2491 3947 ich
2539 3894 2675 3946 auch
2720 3888 2951 3946 nunmehr

525 3983 687 4036 ofters
723 3981 971 4052 politihch
1008 3984 1250 4037 auftrete.
1291 4012 1358 4021 —
1396 3983 1564 4050 hauc]
1605 4024 1634 4050 „
1647 3983 1747 4036 den
1770 3983 2002 4050 jetzigen
2030 3982 2327 4049 Zustand“,
2367 3983 2460 4035 wie
2486 3982 2640 4052 epist.
2670 3979 2882 4044 XXXII,
2905 3975 2947 4030 5.

525 4088 639 4125 rem
676 4072 962 4140 publicam
1005 4072 1080 4125 ist
1114 4071 1598 4125 Pradikatsnomen.
1649 4101 1717 4109 —
1767 4072 1976 4126 modice
2012 4076 2117 4125 aut
2151 4072 2318 4125 etiam
2352 4071 2508 4124 intra
2544 4069 2783 4138 modum]
2830 4065 2951 4135 „mit

525 4160 666 4213 Mass
695 4160 819 4213 oder
847 4160 1112 4213 vielleicht
1138 4160 1272 4212 auch
1302 4162 1457 4212 unter
1484 4159 1601 4212 dem
1622 4160 1895 4212 erlaubten
1915 4159 2055 4212 Mass
2082 4160 2383 4213 bleibend“.
2414 4189 2481 4197 -—
2513 4160 2715 4214 aetatis
2739 4153 2949 4212 maturi-

527 4254 640 4302 tate
677 4247 755 4301 ad
788 4248 1171 4315 prudentiam]
1212 4247 1488 4312 „dadurch
1515 4246 1634 4300 dass
1662 4248 1756 4300 das
1780 4248 1975 4300 Alter“
2016 4277 2084 4286 —
2122 4246 2226 4301 Cic.
2254 4247 2330 4300 ist
2351 4247 2490 4315 jetzt
2518 4248 2589 4302 60
2613 4247 2771 4301 Jahre
2796 4246 2869 4315 alt
2893 4268 2948 4279 --

527 4335 711 4403 „mich
747 4336 899 4389 reifer
933 4336 1114 4388 macht
1147 4335 1370 4401 inbezug
1405 4335 1498 4387 auf
1526 4335 1974 4404 Lebensklugheit
1988 4337 2036 4389 “.
