3146 4826
1000 331 1261 387 Ciceronis
1297 334 1553 403 epistulae
1592 335 1814 388 selectae
1851 336 1906 388 L.
2580 334 2681 393 157

217 490 340 553 tim
388 491 782 573 temporibus
829 492 990 555 illis!
1063 492 1308 557 Deinde
1341 494 1612 558 oblitum
1658 514 1761 558 me
1807 498 1999 579 putas
2047 496 2309 572 consilii,
2357 497 2683 571 sermoniS,

218 597 644 661 humanitatis
676 599 876 661 tuae?
948 597 1195 677 Quibus
1227 599 1417 663 rebus
1449 601 1759 665 interesse
1792 602 2055 665 memini
2084 601 2472 666 Trebatium.
2548 601 2685 666 Nec

219 721 369 765 vero
432 722 577 767 sum
638 703 872 768 oblitus
932 704 1300 769 litterarum
1346 708 1608 770 tuarum
1625 754 1640 783 ,
1701 725 1861 788 quas
1921 708 2001 771 ad
2062 727 2165 772 me
2211 708 2473 784 misisti,
2535 727 2684 772 cum

221 807 483 872 Caesari
523 809 771 873 obviam
802 809 1086 874 venisses
1134 811 1200 873 in
1247 829 1417 891 agro,
1463 815 1539 876 ut
1586 812 1876 889 arbitror,
1921 813 2295 877 Trebulano.
2374 813 2683 878 Secutum
2702 837 2726 876 4

220 913 381 977 illud
426 916 683 997 tempus
730 918 846 992 est,
893 934 1041 980 cum
1086 935 1189 981 me
1238 917 1320 980 ad
1351 917 1729 1000 Pompeium
1760 918 2071 1001 proficisci
2103 919 2233 983 sive
2264 918 2468 1001 pudor
2498 939 2681 984 meus

221 1020 431 1101 coegit
478 1020 607 1085 sive
655 1020 932 1085 officium
979 1022 1110 1086 sive
1158 1022 1447 1087 fortuna:
1510 1024 1680 1105 quod
1735 1024 2012 1089 officium
2058 1027 2273 1101 tuum,
2331 1025 2500 1107 quod
2548 1027 2684 1089 stu-

220 1126 402 1190 dium
447 1127 544 1190 vel
592 1126 661 1189 in
708 1127 1037 1192 absentem
1085 1147 1189 1193 me
1236 1130 1340 1194 vel
1382 1130 1449 1193 in
1493 1133 1862 1212 praesentes
1910 1150 2085 1196 meos
2133 1130 2382 1195 defuit?
2475 1130 2683 1210 Quem

219 1250 410 1314 porro
442 1250 660 1296 omnes
691 1233 821 1297 mei
867 1235 933 1297 et
977 1234 1138 1297 mihi
1185 1236 1251 1299 et
1298 1235 1418 1299 sibi
1462 1237 1527 1299 te
1560 1236 1924 1301 amiciorem
1955 1236 2447 1302 iudicaverunt?
2516 1236 2683 1301 Veni

221 1338 671 1402 Brundisium:
705 1340 1053 1404 oblitumne
1085 1360 1189 1405 me
1220 1342 1431 1423 putaS,
1465 1359 1594 1423 qua
1617 1342 1961 1418 celeritate,
1991 1344 2066 1405 ut
2086 1343 2366 1424 primum
2389 1342 2683 1420 audieris,

222 1444 305 1508 ad
350 1463 453 1508 me
500 1445 773 1509 Tarento
823 1445 1136 1510 advolaris
1156 1449 1188 1510 P
1244 1465 1406 1528 quae
1451 1449 1567 1510 tua
1613 1446 1807 1511 fuerit
1853 1447 2150 1524 adsessio,
2197 1448 2416 1525 oratic,
2462 1449 2685 1513 confir-

223 1551 424 1615 matio
487 1551 682 1614 animi
739 1552 867 1615 mei
922 1551 1109 1617 fracti
1155 1553 1589 1617 communium
1635 1553 2037 1617 miseriarum
2082 1555 2309 1617 metu?
2400 1553 2684 1618 Tandem
2706 1574 2731 1612 ι

226 1656 569 1739 aliquando
600 1658 841 1723 Romae
890 1677 1028 1723 esse
1077 1660 1433 1742 coepimus:
1482 1659 1636 1741 quid
1683 1658 1886 1724 defuit
1930 1660 2186 1723 nostrae
2218 1658 2681 1723 familiaritati?

222 1762 302 1825 In
348 1763 644 1827 maximis
690 1764 899 1841 rebus,
947 1783 1225 1846 quonam
1271 1765 1455 1830 modo
1503 1783 1790 1847 gererem
1835 1783 1939 1829 me
1987 1765 2290 1829 adversus
2325 1764 2682 1841 Caesarem,

226 1887 385 1932 usus
432 1871 546 1933 tuo
595 1870 853 1934 consilio
903 1889 1086 1947 sum,
1111 1872 1178 1935 in
1223 1872 1486 1953 reliquis
1534 1871 1778 1935 officio:
1827 1872 1930 1935 cui
1974 1873 2050 1935 tu
2094 1871 2378 1935 tribuisti
2424 1873 2682 1953 excepto

225 1974 500 2039 Caesare
546 1978 801 2058 praeter
845 1995 969 2052 me,
1016 1980 1093 2041 ut
1140 1977 1399 2042 domum
1444 1978 1796 2042 ventitares
1842 1978 2158 2059 horasque
2204 1978 2446 2041 multas
2494 1995 2682 2059 saepe

225 2081 605 2146 suavissimo
654 2101 940 2147 sermone
988 2086 1441 2148 consumeres?
1509 2085 1703 2160 Tum,
1751 2103 1898 2148 cum
1945 2084 2168 2158 etiam,
2217 2083 2273 2147 si
2317 2083 2684 2158 meministi,

224 2191 301 2250 ut
343 2188 505 2252 haec
551 2187 1078 2274 φιλοσοφούμενα
1126 2190 1482 2266 scriberem,
1528 2192 1604 2253 tu
1649 2208 1754 2253 me
1799 2189 2128 2272 impulisti.
2204 2189 2360 2253 Post
2393 2187 2683 2253 Caesaris

226 2293 524 2369 reditum,
574 2294 725 2375 quid
756 2295 874 2359 tibi
903 2295 1127 2359 maiori
1160 2314 1349 2360 curae
1382 2295 1522 2372 fuit,
1571 2314 1767 2376 quam
1813 2297 1887 2359 ut
1934 2314 2140 2359 essem
2188 2313 2301 2376 ego
2349 2294 2443 2357 illi
2490 2312 2683 2375 quam

169 2382 175 2387 ⁴
220 2398 811 2464 familiarissimus?
889 2399 1072 2480 Quod
1120 2400 1434 2466 effeceras

395 2506 729 2597 *Quorsum
790 2507 987 2588 igitur
1044 2508 1203 2572 haec
1262 2509 1462 2573 oratio
1523 2510 1769 2591 longior
1831 2527 2025 2589 quam
2085 2509 2385 2590 putaram
2409 2510 2440 2570 ⁸?
2518 2505 2684 2585 Quia
2706 2525 2732 2565 ⁶

223 2631 390 2676 sum
440 2612 864 2676 admiratus
924 2616 1023 2689 te,
1087 2615 1213 2694 qui
1271 2616 1455 2680 haec
1507 2634 1731 2679 nosse
1780 2615 2118 2690 debereS,
2183 2614 2586 2694 quicquam
2647 2631 2684 2676 a

228 2825 333 2878 vell
383 2838 490 2876 war
542 2824 702 2876 sehon
752 2823 921 2876 dieser
957 2824 1160 2877 Besuch
1210 2841 1277 2878 an
1328 2826 1435 2878 und
1483 2826 1567 2878 fur
1618 2825 1789 2878 sich“.
1844 2854 1910 2862 --
1961 2825 2025 2877 in
2071 2839 2206 2891 ayro
2247 2821 2578 2888 Trebulano]
2629 2822 2686 2874 in

226 2912 562 2982 Campanien.

374 3014 422 3053 4.
463 3001 657 3068 pudor
692 3001 817 3067 etc]
867 2991 1010 3054 Uber
1046 3001 1128 3054 die
1167 3000 1380 3056 Griinde
1417 3019 1459 3056 s.
1497 3003 1651 3073 epist.
1690 3001 1883 3055 XXIV.
1936 3031 2002 3039 —
2048 3004 2365 3069 praesentes
2401 2999 2563 3066 meos]
2603 2999 2686 3052 die

226 3091 282 3143 in
309 3090 447 3143 Rom
472 3089 745 3157 geblieben
773 3106 959 3142 waren.
999 3118 1067 3126 —
1117 3090 1256 3144 Veni
1283 3090 1678 3157 Brundisium]
1718 3090 1851 3144 nach
1879 3090 1973 3143 der
1999 3089 2247 3142 Schlacht
2273 3088 2358 3141 bei
2384 3086 2684 3141 Pharsalus.

227 3178 279 3232 S.
318 3178 474 3248 epist.
514 3177 678 3231 XXV.
718 3206 784 3214 —-
826 3177 1090 3244 adsessio]
1128 3177 1190 3230 In
1230 3177 1524 3232 demselben
1561 3178 1720 3232 Sinne
1757 3179 1852 3232 wie
1886 3178 2016 3232 Hor.
2047 3180 2147 3231 sat.
2176 3177 2220 3242 I,
2251 3178 2300 3242 1,
2337 3177 2434 3230 82:
2475 3175 2563 3243 „si

227 3283 381 3320 casus
417 3266 557 3319 lecto
595 3270 650 3319 te
687 3265 887 3332 adfixit,
923 3266 1085 3319 habes
1124 3266 1215 3335 qui
1250 3266 1503 3332 adsideat,
1542 3267 1773 3320 fomenta
1808 3270 1976 3336 paret,
2013 3265 2271 3319 medicum
2309 3267 2462 3333 roget
2476 3263 2503 3316 Ρ
2520 3266 2551 3289 “
2616 3262 2688 3316 Es

225 3356 303 3419 ist
338 3355 435 3410 das
472 3354 784 3423 eigentliche
821 3354 976 3407 Wort
1009 3354 1093 3408 fiir
1130 3354 1644 3424 „Krankenpflege“.

378 3457 426 3497 5.
479 3442 689 3510 officio]
739 3441 922 3498 ,Worin
971 3442 1083 3495 sich
1134 3442 1274 3496 diese
1313 3440 1653 3510 Gefalligkeit
1703 3443 1870 3510 zeigte
1886 3484 1899 3509 ,
1952 3441 2099 3495 steht
2147 3441 2201 3494 in
2251 3441 2366 3493 dem
2414 3438 2688 3506 folgenden

229 3531 371 3586 Satz.
430 3561 500 3570 --
556 3530 837 3596 tribuisti,
887 3531 977 3597 ut]
1029 3572 1059 3596 ‚,
1077 3531 1160 3584 die
1207 3530 1346 3584 Ehre
1396 3530 1557 3583 zuteil
1606 3531 1812 3584 werden
1862 3530 2100 3583 lassen“.
2152 3557 2221 3566 ——
2278 3529 2409 3582 haec
2458 3530 2686 3598 φιλοσο-

229 3619 516 3690 φούμενα]
564 3609 708 3672 Uber
757 3619 841 3672 die
889 3619 943 3673 in
988 3618 1138 3688 jener
1174 3619 1290 3673 Zeit
1324 3619 1609 3673 verfassten
1645 3618 2101 3689 philosophischen
2139 3617 2400 3671 Schriften
2438 3614 2578 3669 siehe
2624 3631 2687 3667 zu

226 3708 385 3776 epist.
426 3706 619 3762 XXIX.

378 3806 425 3849 6.
468 3795 741 3864 Quorsum
865 3801 1136 3864 putaram
1151 3794 1202 3862 ἓ]
1239 3795 1320 3849 Im
1356 3796 1625 3849 lebhaften
1653 3795 1759 3849 Stil
1793 3795 1938 3864 fragt
1971 3812 2093 3849 man
2122 3793 2199 3847 oft
2224 3794 2279 3847 in
2307 3791 2689 3858 Nachahmung

227 3884 373 3937 eines
414 3881 710 3953 Gesprachs
758 3883 893 3936 nach
944 3884 1061 3938 dem
1099 3882 1314 3939 Grunde
1351 3884 1738 3954 (percontatio)
1748 3923 1766 3950 ,
1814 3900 1905 3936 um
1954 3883 2131 3936 diesen
2166 3882 2447 3935 besonders
2482 3879 2689 3933 hervor-

227 3975 410 4026 treten
448 3989 513 4026 zu
548 3971 738 4026 lassen.
794 3972 919 4026 Dies
945 3973 1220 4041 geschieht
1245 3973 1568 4027 namentlich
1603 3990 1762 4041 gerne
1799 3972 1934 4025 nach
1969 3972 2112 4025 einer
2146 3971 2394 4038 langeron
2431 3968 2542 4022 und-
2576 3966 2687 4020 sich

228 4060 588 4117 verlierenden
615 4061 1202 4131 Auseinandersetzung
1226 4063 1323 4116 wie
1357 4062 1488 4129 hier,
1525 4080 1616 4116 um
1644 4062 1728 4116 die
1756 4059 2230 4115 Aufmerksamkeit
2257 4058 2446 4112 wieder
2473 4057 2566 4111 auf
2586 4056 2685 4109 den

227 4149 523 4217 fraglichen
548 4150 729 4204 Punkt
759 4168 823 4204 zu
849 4151 1259 4206 konzentrieren.
1315 4150 1499 4207 Neben
1527 4151 1628 4205 den
1656 4150 2033 4219 ausgefiihrten
2059 4147 2423 4216 Frageformen
2449 4145 2686 4199 kommen

229 4236 385 4291 daffir
428 4238 713 4292 besonders
762 4239 819 4292 in
863 4240 1121 4294 Betracht
1166 4240 1252 4294 die
1295 4240 1566 4295 Formeln:
1625 4239 1899 4309 Quorsum
1935 4235 2111 4292 haec?
2163 4234 2302 4304 qued
2336 4240 2453 4318 tum
2469 4231 2498 4287 ἓ
2549 4232 2689 4301 quid

231 4325 478 4381 deinde?
514 4326 655 4395 quid
685 4327 921 4395 postea?
956 4328 1093 4396 quid
1127 4328 1215 4383 ita
1250 4332 1366 4399 (pro
1401 4329 1515 4382 ΜΠ.
1545 4327 1739 4397 §17ss
1778 4326 1916 4396 quid
1951 4323 2137 4380 enim?
2173 4323 2310 4392 quid
2346 4319 2514 4392 erqo?
2548 4320 2687 4389 quid
