3146 4826
374 348 483 409 222
1091 351 1351 408 Ciceronis
1387 353 1644 424 epistulae
1681 353 1902 407 selectae
1937 352 2118 408 LXIV.

376 514 674 578 eietatem
718 513 879 578 mihi
923 531 1064 578 esse
1110 514 1343 589 tecum,
1395 513 1498 578 vel
1544 513 1712 595 quod
1757 514 1825 577 in
1869 512 2303 579 familiaritate
2332 513 2641 581 03333113
2688 515 2839 580 vivo

373 620 482 684 illo
535 620 667 684 iam
722 620 892 684 tueri
946 638 1094 684 eum
1153 621 1220 683 et
1265 619 1525 701 diligere
1572 614 1698 683 fuit
1740 620 1899 684 mihi
1943 639 2232 699 necesse,
2295 621 2398 686 vel
2453 621 2620 702 quod
2673 622 2839 704 ipse,

377 725 583 808 quoad
630 744 744 808 ego
789 744 976 790 nosse
1020 725 1221 808 potui,
1264 725 1758 790 moderatissimi
1789 727 1983 807 atque
2030 727 2475 791 humanissimi
2518 726 2644 791 fuit
2689 745 2839 792 sen-

375 850 515 909 sus,
574 832 675 897 vel
734 831 902 914 quod
962 850 1037 897 ex
1090 834 1227 896 tam
1286 832 1521 914 insigni
1567 832 1848 897 amicitia
1892 851 2037 898 3133
2083 836 2274 915 atque
2323 833 2612 899 Caesaris
2659 835 2837 899 hunc·

372 937 487 1002 filii
530 938 666 1003 loco
714 940 781 1003 et
822 938 995 1003 illius
1042 940 1108 1004 et
1136 941 1348 1005 vestro
1380 938 1611 1004 iudicio
1648 939 2074 1005 substitutum
2116 958 2243 1004 non
2287 940 2547 1024 proinde
2595 940 2836 1005 habere

324 1064 350 1105 3
374 1047 560 1127 turpe
606 1044 766 1108 mihi
810 1043 1080 1109 videtur.
1159 1044 1284 1110 Sed
1332 1080 1417 1092 —
1467 1045 1771 1127 quicquid
1815 1045 1935 1110 tibi
1981 1046 2203 1123 scribo,
2250 1046 2537 1111 dolenter
2580 1047 2837 1111 meher-

374 1151 514 1215 cule
560 1150 767 1233 magis
814 1169 1009 1231 quam
1055 1151 1307 1216 inimice
1354 1150 1515 1216 facio
1562 1188 1648 1199 —
1699 1151 1909 1234 quod
1963 1152 2184 1217 vivit
2225 1153 2632 1217 Antonius
2688 1154 2835 1217 ho-

372 1256 530 1334 die,
578 1256 786 1338 quod
817 1256 1175 1340 Lepidus
1221 1274 1379 1322 una
1423 1259 1578 1335 est,
1627 1258 1831 1340 quod
1879 1259 2298 1324 exercitus
2329 1260 2634 1324 habent
2676 1278 2835 1338 non

372 1362 1047 1440 contemnendoS‚
1094 1363 1302 1444 quod
1349 1367 1717 1447 sperant,
1764 1364 1972 1446 quod
2003 1365 2337 1443 audent,
2384 1384 2606 1430 omne
2640 1364 2837 1430 Cae-

372 1469 537 1535 sari
594 1470 1043 1552 acceptum
1099 1468 1414 1534 referre
1469 1473 1839 1552 possunt.
1930 1469 2154 1553 Neque
2201 1489 2315 1552 ego
2363 1472 2688 1554 superiora
2734 1491 2837 1536 re-

367 1577 621 1659 petam3
668 1574 781 1639 sed
828 1593 903 1639 ex
949 1593 1021 1640 eo
1059 1575 1363 1658 tempore,
1411 1593 1536 1657 quo
1582 1575 1718 1658 ipse
1763 1576 1923 1640 mihi
1968 1574 2290 1659 professus
2338 1579 2437 1642 est
2483 1596 2551 1644 se
2596 1579 2836 1656 venire,

371 1684 427 1746 si
470 1681 684 1746 venire
730 1681 1037 1746 voluisset
1053 1729 1068 1758 ‚
1116 1683 1234 1745 aut
1280 1699 1654 1764 oppressum
1699 1682 1831 1747 iam
1874 1682 2118 1747 bellum
2163 1685 2334 1748 esset
2380 1685 2495 1749 aut
2538 1684 2604 1747 in
2651 1703 2836 1751 avere

372 1787 692 1853 3133113313
735 1787 864 1851 11113
894 1786 1274 1870 Hispaniam
1321 1806 1468 1852 cum
1507 1787 1889 1852 detrimento
1922 1805 2142 1853 eorum
2169 1790 2446 1855 maximo
2478 1792 2835 1865 extrusum,

372 1893 550 1973 Quae
610 1911 793 1958 mens
855 1911 1001 1958 eum
1066 1894 1181 1957 aut
1227 1911 1501 1975 quorum
1552 1892 1816 1958 consilia
1875 1912 1914 1957 a
1970 1896 2157 1959 tanta
2214 1895 2415 1977 gloria
2429 1943 2445 1972 ,
2505 1896 2625 1961 sibi
2681 1915 2837 1962 vero

372 2002 566 2066 etiam
596 1999 957 2066 3333333113
987 2017 1062 2065 33
1092 2000 1378 2077 salutari,
1426 2000 1706 2082 avocarit
1752 2002 1819 2065 et
1863 1999 1957 2064 ad
2003 2001 2600 2083 cogitationem
2646 2021 2835 2067 con-

372 2108 700 2172 sulatus
748 2106 1465 2188 quinquemestris
1512 2124 1762 2172 summo
1794 2125 1943 2171 cum
1973 2108 2212 2172 terrore
2243 2107 2577 2172 hominum
2623 2110 2690 2173 et
2734 2110 2835 2173 in-

372 2214 548 2279 sulsa
594 2231 740 2278 cum
789 2211 1240 2294 efflagitatione
1289 2212 1713 2289 transtulerit,
1759 2214 2063 2295 exputare
2108 2232 2235 2277 non
2280 2232 2559 2295 possum.

372 2495 648 2563 Caesaris]
688 2537 719 2562 ,‚
732 2495 817 2549 bei
854 2494 948 2548 der
981 2494 1366 2548 Freundsehaft
1402 2511 1468 2548 zu
1502 2494 1713 2549 Casar“
1750 2495 1889 2562 ((1331
1929 2497 2080 2549 toten
2114 2495 2403 2560 Diktator).
2443 2525 2511 2534 —-
2547 2497 2671 2572 visco
2705 2494 2832 2565 illo]

369 2584 472 2640 mit
505 2583 648 2638 einer
682 2583 891 2638 kleinen
928 2582 1356 2650 Nachlassigkeit
1390 2583 1483 2637 des
1519 2583 1652 2637 Stils
1691 2607 1755 2627 =
1794 2583 1924 2638 vivi.
1975 2613 2048 2622 —
2098 2599 2221 2638 ewm
2259 2626 2271 2638 .
2293 2625 2306 2639 .
2327 2624 2340 2637 .
2378 2586 2497 2653 ipse
2535 2625 2548 2638 .
2569 2626 2581 2638 .
2603 2624 2617 2638 .
2652 2585 2831 2654 hunc]

369 2673 538 2742 gehen
573 2671 675 2726 alle
712 2671 805 2725 auf
836 2669 1106 2726 Octavian.
1158 2700 1226 2709 --
1275 2670 1386 2736 filii
1430 2671 1546 2725 loco
1590 2676 1646 2726 et
1687 2671 1844 2726 illius
1889 2677 1943 2725 et
1987 2675 2160 2727 vestro
2196 2670 2410 2726 iudicio
2444 2671 2833 2741 substitutum]

368 2761 469 2816 Die
504 2760 767 2815 feierliche
800 2759 1157 2827 Restatiguug
1192 2758 1288 2811 der.
1321 2758 1588 2829 Adoption
1625 2756 1907 2813 Octavians
1944 2757 2112 2812 durch
2147 2758 2314 2813 031331
2348 2759 2571 2828 erfolgte
2605 2762 2720 2814 erst
2752 2760 2829 2814 im

370 2849 583 2918 August
618 2848 717 2914 433
772 2848 887 2902 ihre
921 2846 1348 2915 Herbeiffihrung
1382 2863 1490 2901 war
1539 2847 1624 2901 die
1670 2850 1813 2901 erste
1847 2846 2453 2917 Regierungshandlung
2499 2847 2593 2902 des
2624 2848 2827 2918 jungen

371 2937 619 2993 Konsuls.
692 2935 837 2990 Aber
871 2936 1006 2990 auch
1043 2936 1230 2990 vorher
1268 2951 1377 2989 war
1412 2934 1496 2989 die
1532 2933 1834 3004 Gffltigkeit
1883 2936 1970 2989 nie
2006 2935 2350 3004 angefochten
2387 2936 2594 2991 worden
2630 2937 2833 3003 (vestro

369 3026 621 3095 iudicio).
658 3060 731 3071 —
764 3040 881 3079 »non
910 3023 1150 3094 proinde
1183 3023 1406 3090 habere]
1445 3023 1639 3091 „nicht
1672 3023 2008 3091 demgomars,
2046 3023 2098 3078 d.
2126 3023 2179 3077 h.
2219 3024 2299 3077 als
2333 3024 2477 3078 Sohn
2512 3024 2722 3094 033313,
2761 3042 2828 3078 zu

369 3114 724 3169 behandeln“.

516 3214 564 3256 e.
614 3201 774 3268 vivit]
814 3201 990 3268 „noch
1025 3218 1108 3254 am
1144 3201 1317 3255 Leben
1352 3202 1489 3256 ist“.
1529 3231 1598 3240 —
1645 3199 1881 3269 audent]
1917 3201 2157 3254 absolut:
2197 3200 2345 3268 „voll
2379 3200 2502 3255 Mut
2538 3201 2716 3255 sind“.
2756 3232 2829 3240 —

371 3306 525 3346 omne
560 3289 791 3346 Caesari
826 3294 1115 3358 acceptum
1147 3289 1356 3356 referre
1384 3289 1645 3359 poem]
1698 3289 1836 3356 „das
1871 3289 2077 3343 konnen
2122 3289 2199 3342 sie
2242 3305 2376 3358 ganz
2421 3288 2531 3344 und
2565 3306 2664 3358 gar
2707 3289 2826 3343 dem

371 3380 536 3434 011331
569 3381 671 3447 gut
705 3377 1036 3433 schreiben“.
1099 3378 1207 3432 Der
1234 3377 1658 3432 kaufmannische
1684 3375 1962 3431 Ausdruck
1988 3376 2243 3431 bedeutet
2269 3377 2581 3446 eigentlich:
2620 3380 2829 3445 „etwas

372 3470 663 3536 zugunsten
703 3467 796 3521 des
832 3466 890 3522 C.
927 3467 1009 3520 313
1046 3483 1144 3520 von
1181 3465 1376 3520 diesem
1412 3466 1720 3536 empfangen
1754 3465 2020 3520 buchen“.
2080 3465 2287 3520 Ebenso
2321 3466 2476 3536 epist.
2511 3465 2627 3532 XV,
2663 3465 2715 3520 2.
2754 3494 2826 3504 -

371 3551 787 3626 amenissimum]
826 3555 923 3609 wie
949 3555 1082 3608 oben
1116 3556 1149 3623 ξ
1176 3555 1211 3608 2
1246 3570 1465 3611 aversos
1502 3555 1590 3610 ab.
1643 3553 1872 3625 Spanien
1908 3570 2015 3608 war
2051 3554 2338 3623 allerdings
2373 3554 2546 3621 allem,
2583 3570 2689 3608 was
2724 3555 2829 3608 mit

372 3644 534 3702 canat
582 3644 1008 3712 zusammenhing
1021 3685 1034 3710 ,
1080 3660 1182 3697 von
1226 3643 1378 3713 jeher
1421 3644 1629 3698 abhold.
1682 3671 1750 3682 ——
1800 3658 2036 3713 quorum
2070 3643 2327 3711 consilia]
2379 3643 2478 3697 Die
2510 3641 2828 3711 Umgebung

372 3732 653 3788 Octavians
688 3732 819 3786 wird
854 3732 989 3787 auch
1024 3749 1124 3786 von
1159 3731 1336 3787 Cicero
1383 3733 1462 3786 oft
1507 3733 1588 3786 als
1624 3731 1801 3786 diesen
1838 3748 1902 3785 zu
1937 3730 2293 3799 Handluugen
2328 3731 2676 3786 bestimmend
2709 3731 2827 3785 hin·

370 3821 604 3891 gestent,
641 3821 726 3875 die
751 3837 919 3890 gegen
954 3820 1039 3875 die
1064 3820 1327 3892 Republik
1353 3820 1618 3889 gerichwt
1644 3821 1800 3874 seien.
1855 3819 1924 3874 So
1953 3819 2114 3874 sehon
2141 3819 2296 3890 epist.
2323 3819 2480 3887 XLV,
2507 3819 2561 3875 2.
2614 3818 2679 3873 In
2704 3818 2823 3873 dem

371 3909 705 3963 Bruchstiick
738 3909 884 3963 eines
917 3909 1119 3964 Briefes
1154 3909 1368 3964 Ciceros
1414 3925 1483 3963 33
1519 3906 1772 3964 Octavian
1821 3924 1919 3962 aus
1956 3908 2127 3962 dieser
2161 3907 2280 3963 Zeit
2313 3907 2480 3962 heisst
2513 3924 2572 3963 es
2607 3906 2827 3962 deahalb

372 3997 533 4052 auch:
570 3997 737 4053 antici
772 3998 1061 4053 nonnum
1094 4015 1133 4052 a
1169 4003 1221 4053 te
1257 3997 1528 4053 contemni
1562 4012 1633 4052 ae
1667 3996 1879 4064 despici
1913 4002 1965 4053 et
1989 4012 2102 4067 pro
2136 3997 2314 4052 nihilo
2349 3996 2541 4052 haberi
2573 3999 2827 4052 senatum

370 4087 573 4142 volunt.
621 4114 691 4125 -
735 4086 1208 4156 qm’mquemesbris]
1244 4102 1345 4141 von
1378 4086 1594 4155 August
1627 4085 1711 4139 bis
1750 4087 1798 4139 1.
1833 4084 2049 4140 Januar.
2101 4114 2168 4124 —
2216 4101 2426 4141 summo
2459 4099 2583 4141 cum
2617 4089 2829 4140 terrore

372 4181 424 4230 et
456 4176 674 4233 insulsa
710 4190 836 4232 ewm
870 4173 1302 4244 estlaqitattbne]
1340 4174 1549 4229 bezieht
1585 4173 1698 4228 sich
1733 4174 1828 4228 auf
1859 4173 1944 4228 die
1979 4173 2471 4243 Einschtich‘oerung
2506 4173 2598 4228 des
2631 4171 2827 4227 Senats

372 4264 537 4318 durch
572 4264 656 4318 die
682 4263 1010 4332 Abordmmg
1043 4263 1138 4317 der
1163 4262 1534 4330 centurionem
1570 4278 1672 4316 von
1706 4262 1874 4316 denen
1910 4262 2004 4316 der
2031 4261 2286 4333 Sprecher
2319 4263 2412 4317 auf
2443 4263 2544 4317 den
2570 4260 2827 4316 8311113115-

371 4351 498 4418 griff
529 4350 757 4405 deutend
795 4352 974 4418 sagte:
1010 4349 1128 4405 Hic
1161 4350 1352 4417 faciet,
1387 4350 1437 4404 si
1471 4364 1568 4406 vos
1601 4366 1719 4406 mn
1750 4349 2010 4415 feceritis.
