3146 4826
952 334 1212 388 Ciceronis
1249 335 1507 403 epistulae
1546 335 1767 389 selectae
1803 335 1926 388 XII.
2606 335 2680 397 56

198 495 481 559 ductis
547 514 940 560 summam
1000 482 1818 578 feci'cogitationum
1880 515 2236 561 mearum
2298 498 2678 574 omnium,

200 620 403 682 quam
449 602 600 678 tibi,
648 602 704 666 si
748 602 1004 684 potero,
1063 603 1338 667 breviter
1387 620 1713 684 exponam.
1804 602 1971 683 Eg0,
2035 603 2091 666 si
2137 604 2215 666 ab
2262 603 2563 687 improbis
2612 605 2678 671 et
2704 619 2856 677 sm)

198 708 473 790 perditis
524 708 767 773 civibus
814 727 952 772 rem
997 709 1322 791 publicam
1367 709 1571 773 teneri
1618 708 1926 786 viderem,
1985 709 2152 772 siout
2198 710 2262 772 et
2308 710 2468 774 meis
2515 711 2678 774 tem-

199 815 466 897 poribus
518 815 754 879 scimus
804 816 870 879 et
913 834 1040 879 non
1084 816 1279 879 nullis
1329 815 1469 879 aliis
1528 814 1831 879 accidisse
1851 863 1865 892 ‚
1925 833 2053 879 non
2109 815 2296 879 modo
2357 816 2677 898 praemiis,

198 940 367 1001 quae
420 921 593 1003 apud
639 940 742 986 me
790 922 1131 985 minimum
1175 921 1410 998 valent,
1459 920 1569 985 sed
1618 939 1698 984 ne
1743 921 2043 1003 periculis
2093 921 2351 1002 quidem
2398 922 2679 1004 compul-

198 1047 313 1091 sus
362 1028 538 1103 ullis,
587 1028 820 1108 quibus
868 1028 1086 1092 tamen
1131 1029 1471 1092 moventur
1518 1028 1717 1091 etiam
1762 1026 2093 1091 fortissimi
2139 1028 2283 1104 viri,
2331 1027 2412 1091 ad
2459 1046 2678 1092 eorum

195 1151 471 1197 causam
519 1152 622 1197 me
672 1133 1083 1215 adiungerem
1101 1182 1116 1210 ‚
1176 1152 1257 1197 ne
1306 1135 1361 1197 si
1409 1152 1663 1197 summa
1711 1132 1969 1214 quidem
2018 1152 2238 1198 eorum
2284 1134 2351 1197 in
2396 1152 2499 1198 me
2545 1153 2680 1198 me-

197 1241 326 1303 rita
376 1241 766 1303 constarent.
861 1239 1052 1304 Cum
1108 1242 1379 1304 autem
1439 1240 1519 1303 in
1564 1258 1651 1303 re
1697 1241 2030 1322 publica
2077 1240 2202 1305 Cn.
2248 1240 2678 1324 Pompeius

196 1347 589 1429 princeps
638 1349 892 1423 esset,
949 1347 1211 1422 viris,
1271 1347 1408 1428 qui
1453 1347 1661 1412 hanc
1705 1347 2163 1429 potentiam
2212 1349 2290 1411 et
2335 1346 2680 1429 gloriam

196 1453 578 1516 maximis
625 1453 709 1516 in
769 1471 936 1517 rem
996 1453 1418 1535 publicam
1478 1453 1816 1516 meritis
1876 1453 2681 1535 praestantissimis-

195 1577 355 1639 que
404 1559 653 1623 rebus
703 1559 967 1639 gestis
1016 1562 1238 1623 esset
1284 1561 1778 1623 consecutus
1827 1559 2135 1641 cuiusque
2184 1578 2299 1642 ego
2346 1559 2678 1640 dignitatis

198 1665 284 1728 ab
330 1664 772 1729 adulescentia
818 1665 1047 1742 fautor,
1093 1666 1160 1729 in
1205 1668 1509 1749 praetura
1556 1667 1776 1730 autem
1824 1667 1890 1729 et
1935 1666 2001 1728 in
2049 1667 2387 1730 consulatu
2428 1665 2679 1730 adiutor

194 1773 404 1835 etiam
452 1771 842 1836 exstitissem
860 1821 874 1848 ‚
937 1790 1209 1852 cumque
1256 1771 1427 1835 idem
1475 1772 1855 1836 auctoritate
1914 1774 1979 1837 et
2042 1773 2358 1837 sententia
2418 1790 2530 1855 per
2593 1790 2678 1847 se,

195 1878 488 1942 consiliis
536 1880 603 1941 et
649 1878 879 1941 studiis
927 1880 1161 1954 tecum,
1207 1897 1310 1942 me
1359 1878 1710 1943 adiuvisset
1740 1897 2085 1960 meumque
2116 1879 2447 1943 inimicum
2477 1878 2679 1942 unum

196 1986 270 2047 in
316 1984 579 2048 civitate
626 1984 894 2049 haberet
923 1984 1271 2061 inimicum,
1316 2003 1469 2048 non
1513 1985 1811 2067 putavi
1857 1985 2152 2049 famam
2197 1986 2679 2050 inconstan-

194 2091 374 2153 tiae
420 2090 624 2153 mihi
683 2090 1466 2173 pertimescendam,
1530 2092 1596 2155 si
1661 2091 2151 2172 quibusdam
2210 2092 2291 2154 in
2353 2093 2680 2155 senten-

196 2197 352 2259 tiis
399 2197 738 2279 paulum
785 2216 902 2261 me
948 2198 1512 2262 immutassem
1557 2215 1976 2278 meamque
2022 2198 2534 2261 voluntatem
2583 2197 2676 2260 ad

196 2304 498 2366 summi
552 2304 714 2366 viri
776 2303 865 2367 de
927 2322 1209 2384 meque
1273 2304 1580 2386 optime
1642 2304 1920 2367 meriti
1982 2303 2479 2385 dignitatem
2541 2302 2678 2365 ad-

198 2429 706 2491 gregassem.

386 2525 464 2589 In
512 2526 636 2589 hac
675 2527 992 2590 sententia
1039 2525 1708 2610 complectendus
1756 2528 1937 2590 erat
1981 2526 2179 2589 mihi
2225 2525 2553 2602 Caesar,
2600 2526 2853 2589 ut⁹(¹2)

198 2631 414 2708 videS‚
477 2632 559 2694 in
621 2632 1072 2695 coniuncta
1134 2635 1211 2695 et
1273 2650 1520 2696 causa
1583 2634 1662 2695 et
1708 2631 2138 2712 dignitate.
2229 2632 2351 2695 Hic
2396 2632 2673 2696 multum

356 2926 382 2969 8
401 2920 505 2975 (11).
558 2914 694 2967 meis
729 2913 1085 2980 temporibus]
1138 2914 1231 2967 wie
1268 2914 1401 2967 oben
1439 2915 1469 2982 ᾖ
1505 2916 1540 2969 8
1593 2920 1897 2982 temporum
1932 2915 2184 2967 meorum
2224 2954 2255 2979 „
2271 2913 2353 2965 die
2406 2913 2675 2966 schlimme

204 3003 384 3056 Zeit“.
425 3032 493 3041 —
531 3018 651 3056 non
675 3002 854 3069 modo]
894 3026 957 3044 ---
988 3018 1103 3056 non
1139 3001 1298 3056 modo
1333 3018 1462 3055 non.
1519 3002 1582 3055 In
1611 3003 1782 3055 dieser
1806 3001 2149 3070 Verbindnng
2177 3001 2359 3064 bleibt,
2396 3018 2545 3055 wenn
2582 3000 2676 3054 der

208 3091 389 3144 zweite
417 3090 543 3143 Satz
580 3091 681 3143 mit
717 3090 813 3144 sed
839 3107 909 3144 nc
939 3131 951 3143 .
970 3130 982 3143 .
999 3131 1011 3143 .
1041 3090 1261 3160 quidem
1295 3091 1420 3144 oder
1455 3090 1550 3144 sed
1586 3092 1686 3145 vix
1723 3091 1818 3144 das
1844 3090 2031 3143 beiden
2059 3088 2249 3142 Satzen
2276 3089 2675 3157 gemeinschaft-

207 3178 347 3232 liche
381 3179 642 3232 Pradikat
677 3179 915 3245 euthalt,
968 3179 1062 3232 das
1101 3180 1280 3233 zweite
1317 3196 1432 3233 non
1444 3219 1461 3246 ,
1513 3180 1631 3233 weil
1668 3196 1723 3232 es
1762 3180 1874 3232 sich
1919 3195 2015 3232 aus
2049 3194 2119 3232 ne
2157 3220 2168 3231 .
2192 3219 2204 3232 .
2226 3218 2239 3231 .
2277 3178 2496 3247 quidem
2532 3178 2675 3246 (vix)

205 3271 452 3336 ergiinzt‚
490 3269 547 3321 in
585 3268 680 3320 der
715 3267 880 3334 Regel
918 3268 1037 3322 fort.
1077 3298 1144 3305 —
1186 3268 1390 3335 tamen]
1428 3268 1537 3322 Der
1576 3266 1868 3336 Gegensatz
1881 3310 1893 3334 ,
1932 3268 2024 3321 der
2060 3267 2242 3321 Inhalt
2276 3268 2418 3321 eines
2454 3267 2676 3322 Vorder-

205 3359 396 3423 satus,
435 3356 570 3424 liegt
606 3357 662 3409 in
699 3357 867 3410 etiam
901 3356 1208 3420 fortissimi.
1247 3386 1316 3395 —
1353 3357 1445 3411 vir
1479 3356 1550 3423 is]
1589 3356 1673 3409 Da
1699 3356 2022 3424 gewbhnlich
2059 3372 2298 3410 unserem
2338 3357 2464 3422 „ein
2492 3357 2672 3421 Mann,

206 3445 344 3499 der“
393 3462 497 3499 nur
548 3446 597 3499 is
647 3446 746 3512 qui
796 3445 1121 3515 entspricht,
1178 3461 1235 3498 so
1284 3445 1536 3499 bedentet
1590 3445 1674 3498 die
1722 3445 2041 3512 Beisetzung
2090 3445 2177 3499 vir
2230 3445 2344 3498 eine
2390 3443 2674 3497 besondere

205 3533 442 3602 Ehrung.
482 3562 552 3572 —-
590 3534 656 3587 ἐπ
683 3539 960 3601 praetura
997 3539 1050 3587 et
1084 3534 1150 3587 in
1195 3532 1510 3601 consulatu]
1561 3532 1657 3586 Als
1693 3533 1883 3586 Prator
1931 3532 2296 3585 beffirwortete
2334 3532 2438 3587 Cic.
2476 3532 2532 3585 in
2581 3532 2675 3585 der

205 3622 353 3676 Rode
405 3623 470 3675 de
522 3623 647 3692 imp.
700 3621 794 3676 Cn.
844 3622 1058 3691 Pompei
1109 3622 1192 3675 die
1239 3613 1615 3690 Ubertragung
1665 3621 1758 3676 der
1808 3620 2340 3674 ausserordentlichen
2354 3662 2367 3686 ,
2417 3620 2674 3688 geradezu

206 3710 789 3764 monarchischen
824 3710 1244 3777 Machtstellung
1279 3727 1446 3778 gegen
1482 3709 1862 3776 Mithradates,
1915 3709 1994 3762 als
2030 3708 2232 3762 Konsul
2267 3709 2582 3776 beantragte
2617 3724 2674 3761 er

204 3800 292 3852 ffir
327 3799 413 3852 die
448 3799 659 3867 Erfolge
699 3799 791 3852 des
828 3799 1006 3869 Pomp.
1045 3798 1130 3852 ein
1167 3798 1427 3852 Dankfest
1461 3815 1563 3852 von
1601 3797 1731 3852 zehn
1768 3797 1960 3865 Tagen.
2015 3797 2157 3865 (Vgl.
2188 3813 2251 3850 zu
2279 3796 2433 3866 epist.
2461 3796 2574 3863 IV).
2606 3826 2674 3835 —

203 3886 467 3955 paulum]
508 3929 539 3954 ‚,
551 3890 731 3953 etwas,
770 3888 854 3941 ein
890 3887 1120 3956 wenig“,
1157 3886 1258 3939 mit
1291 3886 1440 3940 mehr
1475 3885 1818 3954 Hinneigung
1855 3903 1918 3938 zu
1955 3885 2072 3938 dem
2109 3885 2391 3952 Positiven,
2428 3884 2676 3938 wahrend

204 3993 322 4031 mm
356 3977 600 4031 multum
647 3975 762 4029 sich
809 3976 959 4030 mehr
1006 3976 1100 4029 der
1134 3975 1469 4043 Verneinung
1519 3975 1727 4028 nahert.
1779 4002 1845 4011 —-
1896 3974 2235 4029 voluntatem
2271 3971 2673 4043 adyreyassem]

209 4108 239 4131 ,‚
252 4065 366 4119 sich
416 4064 841 4131 anschliessen“;
895 4066 1152 4119 volumtas
1198 4064 1328 4117 wird
1377 4063 1629 4134 geradeso
1677 4063 1758 4116 als
1805 4062 2138 4116 bestimmter
2183 4061 2433 4130 gefasstes
2480 4060 2675 4130 Objekt

204 4155 349 4207 statt
386 4154 480 4207 der
515 4152 722 4207 blossen
758 4153 957 4207 Person
992 4155 1201 4221 gesetzt
1234 4153 1332 4207 wie
1367 4152 1608 4219 animus,
1644 4150 1899 4205 studium
1936 4168 1987 4205 u.
2025 4156 2072 4205 a.

354 4264 382 4304 e
400 4255 507 4313 (12).
555 4251 623 4303 in
659 4251 766 4305 hac
810 4249 1108 4318 sententia]
1159 4251 1286 4318 „bei
1335 4250 1530 4304 diesem
1566 4248 1919 4303 Entschlul's“
1967 4248 2104 4302 mich
2150 4247 2267 4300 dem
2302 4245 2482 4317 Pomp.
2521 4263 2676 4300 anzu-

203 4339 502 4394 schliessen.
556 4370 624 4378 —
677 4339 1002 4406 com'amcta]
1054 4339 1170 4393 weil
1206 4340 1385 4408 Pomp.
1423 4337 1533 4392 und
1570 4336 1735 4392 Casar
1769 4336 2069 4391 verbunden
2115 4334 2249 4389 sind.
2322 4334 2422 4387 Die
2459 4332 2676 4388 Grtinde
