3146 4826
851 352 1112 409 Ciceronis
1147 353 1405 422 epistulae
1442 354 1666 406 selectae
1701 353 1850 407 VIII.
1887 353 1978 407 IX.
2577 350 2650 411 35

214 512 454 594 peium
500 516 675 576 certe
723 516 1188 596 suscepturum,
1235 516 1316 591 et,
1365 514 1558 578 simul
1601 533 1639 577 a
1670 513 2019 578 Caesare
2069 515 2126 578 ei
2171 515 2442 589 litterae,
2491 532 2647 595 quas

215 621 617 700 exspectaret,
676 619 981 682 remissae
1037 621 1283 696 essent,
1346 621 1629 683 actorem
1675 621 1871 683 etiam
1920 619 2255 684 daturum:
2319 623 2538 684 utrum
2582 621 2648 683 id

211 724 349 787 nihil
393 724 545 801 fuit,
604 744 685 788 an
735 726 1107 789 adversatae
1155 728 1308 789 sunt
1354 725 1402 790 C
1422 726 1742 789 aesaris
1790 726 2071 801 litterae,
2133 745 2214 789 an
2262 729 2362 790 est
2408 726 2648 808 aliquid

211 830 267 892 in
294 834 442 913 spe?
510 832 732 895 Etiam
760 831 920 894 illud
954 832 1300 913 scripseras
1333 830 1608 895 eundem
1640 831 2036 908 „secundum
2068 832 2366 895 comitia“
2399 832 2649 895 dixisse.

209 935 346 1013 Fac,
392 938 446 1001 si
490 938 703 1014 vides,
752 938 1009 1018 quantis
1056 937 1122 999 in
1168 938 1355 1000 malis
1402 938 1674 1013 iaceam,
1722 940 1788 1001 et
1833 938 1887 1000 si
1933 938 2122 1019 putas
2170 956 2308 1001 esse
2354 938 2698 1001 humani-2

210 1044 342 1106 tatis
388 1046 556 1120 tuae,
608 1062 709 1107 me
755 1043 857 1107 fac
904 1043 980 1107 de
1028 1045 1165 1107 tota
1211 1062 1405 1107 causa
1434 1046 1656 1107 nostra
1687 1044 2037 1108 certiorem.
2113 1043 2283 1107 Nam
2329 1042 2403 1121 Q.
2433 1043 2647 1120 frater,

208 1149 371 1214 homo
418 1151 654 1227 miruS,
721 1151 831 1231 qui
876 1169 979 1213 me
1026 1152 1162 1213 tam
1209 1150 1392 1214 valde
1441 1152 1649 1225 amat,
1712 1151 1925 1213 omnia
1984 1151 2189 1213 mittit
2250 1151 2384 1233 spei
2443 1151 2648 1233 plena,

206 1257 504 1333 metuenS,
553 1256 770 1333 credo,
819 1256 1236 1320 defectionem
1281 1258 1479 1320 animi
1524 1258 1684 1330 mei;
1733 1259 1881 1320 tuae
1932 1258 2151 1320 autem
2194 1252 2449 1321 litterae
2497 1259 2649 1320 sunt

206 1362 427 1436 variae3
491 1382 705 1443 neque
770 1363 939 1426 enim
1000 1382 1102 1427 me
1164 1362 1498 1444 desperare
1545 1362 1642 1426 vis
1688 1381 1805 1427 nec
1851 1365 2089 1427 temere
2146 1382 2415 1446 sperare.
2505 1364 2648 1439 Fac,

208 1467 440 1532 obsecro
489 1471 574 1545 te,
624 1471 700 1532 ut
746 1469 975 1546 omnia,
1024 1487 1187 1549 quae
1233 1469 1504 1552 perspici
1552 1487 1591 1532 a
1637 1470 1701 1532 te
1748 1472 2034 1551 possunt,
2083 1471 2378 1533 sciamus

1074 1647 1169 1710 IX
1206 1651 1302 1723 (ad
1334 1653 1468 1710 fam.
1502 1653 1655 1724 XIV,
1691 1653 1771 1726 1).

538 1753 652 1806 Sor.
682 1752 996 1820 Dyrrhachii
1031 1769 1078 1805 a.
1109 1752 1159 1805 d.
1179 1752 1269 1805 VI.
1298 1751 1416 1805 Kal.
1447 1752 1758 1805 Decembres
1796 1768 1843 1805 a.
1872 1769 1923 1805 u.
1953 1769 1996 1805 c.
2027 1753 2132 1807 696
2168 1752 2298 1818 (58).

208 1840 637 1917 TULLIUS
696 1842 1295 1917 TERENTIAE
1353 1841 1648 1936 SUAE,
1706 1841 2299 1917 TULLIOLAE
2356 1841 2649 1940 SUAE,

602 1948 1087 2024 CICERONI
1146 1947 1345 2024 SUO
1402 1947 1890 2024 SALUTEM
1945 1949 2246 2024 DICIT.

360 2073 445 2136 Et
506 2074 746 2137 litteris
812 2074 1162 2137 multorum
1225 2076 1291 2137 et
1351 2092 1642 2137 sermone
1706 2074 1992 2137 omnium
2038 2072 2356 2155 perfertur
2411 2073 2491 2136 ad
2545 2092 2647 2138 me
2676 2091 2697 2130 ι

203 2177 626 2244 incredibilem
672 2181 850 2243 tuam
899 2180 1205 2243 virtutem
1252 2181 1318 2244 et
1362 2179 1804 2243 fortitudinem
1866 2198 2004 2244 esse
2052 2180 2244 2259 teque
2290 2198 2407 2243 nec
2454 2180 2649 2243 animi

204 2302 390 2365 neque
422 2286 708 2368 corporis
742 2286 1063 2350 laboribus
1096 2285 1449 2367 defatigari.
1526 2287 1631 2349 Me
1679 2286 2018 2349 miserum!
2093 2286 2191 2349 Te
2238 2286 2364 2348 ista
2392 2286 2648 2361 virtute,

204 2389 309 2454 fide
328 2440 342 2468 ‚
400 2392 754 2475 probitate,
815 2392 1218 2457 humanitate
1266 2393 1332 2455 in
1379 2394 1596 2456 tantas
1660 2410 1996 2456 aerumnas
2046 2394 2302 2474 propter
2347 2410 2449 2456 me
2495 2391 2649 2456 inci-

207 2495 388 2561 disse!
481 2500 1102 2581 Tulliolamque
1149 2502 1452 2575 nostram,
1503 2518 1578 2562 ex
1628 2518 1750 2580 quo
1797 2500 1977 2582 patre
2026 2501 2241 2562 tantas
2289 2500 2648 2581 voluptates

205 2689 507 2747 befreundet.
585 2693 841 2745 Politisch
878 2710 985 2745 war
1021 2709 1078 2745 er
1113 2692 1470 2762 Pompejaner.
1524 2723 1591 2730 —
1641 2694 1808 2746 simul
1839 2692 1963 2759 etc]
2001 2692 2130 2746 Also
2167 2692 2297 2745 wird
2333 2692 2510 2761 Pomp.
2547 2709 2651 2745 nur

206 2777 324 2832 dann
374 2781 457 2834 die
494 2780 914 2848 Angelegenheit
964 2780 1238 2848 (causam)
1284 2780 1489 2835 Ciceros
1541 2798 1659 2834 zum
1707 2781 1938 2850 Vortrag
1986 2781 2096 2834 und
2147 2798 2239 2834 zur
2273 2780 2649 2848 Verhandlung

203 2865 403 2937 bringen
439 2870 619 2922 lassen
657 2868 921 2934 (actorem
960 2894 1024 2911 =
1065 2886 1187 2923 eum
1223 2871 1321 2938 qui
1357 2886 1585 2925 causam
1622 2876 1807 2939 ageret
1843 2870 2152 2937 daturum),
2189 2886 2338 2922 wenn
2366 2869 2459 2921 ihn
2488 2867 2650 2922 Casar

203 2958 402 3025 ganstig
435 2957 770 3020 bescheidet,
821 2974 926 3009 was
974 2957 1295 3010 einstweilen
1344 2958 1477 3011 noch
1513 2958 1664 3011 nicht
1699 2958 1942 3024 geschah.
2009 2956 2112 3012 Cic.
2142 2974 2250 3010 war
2286 2957 2381 3009 auf
2410 2957 2493 3009 die
2534 2956 2651 3009 Zeit

205 3043 321 3096 nach
356 3045 457 3099 den
494 3045 721 3098 Wahlen
758 3045 1080 3111 (secundum
1116 3047 1364 3113 comitia)
1400 3050 1688 3100 vertrostet
1723 3047 1945 3100 worden.

335 3146 379 3188 2.
418 3135 542 3203 fac]
582 3136 673 3188 des
709 3135 1082 3189 Nachdruckes
1118 3152 1296 3202 wegen
1332 3135 1653 3188 wiederholt.
1707 3166 1773 3173 —
1827 3134 2182 3200 defectionem
2226 3134 2428 3201 animi]
2469 3134 2650 3199 „Mut-

206 3219 490 3290 losigkeit“.
535 3255 603 3262 —
641 3225 855 3291 variae]
896 3224 1299 3290 „unbestimmt,
1337 3224 1689 3277 wechselnd“.

1356 3364 1482 3428 IX.

205 3466 364 3524 Cicero
400 3489 468 3525 an
509 3471 650 3523 scine
688 3469 824 3523 Frau
860 3470 1121 3538 Terentia,
1160 3471 1302 3524 seins
1337 3470 1536 3524 Kinder
1571 3471 1747 3524 Tullia
1784 3471 1889 3524 und
1928 3468 2172 3534 Quintus.
2247 3468 2647 3537 Dyrrhachium,

1152 3560 1237 3614 26.
1275 3558 1568 3613 November
1605 3561 1691 3614 58.

329 3647 526 3701 Ausser
559 3648 725 3701 einem
764 3647 1109 3701 Schlusswort
1153 3650 1205 3716 (ἓ
1242 3650 1296 3713 6)
1344 3649 1454 3701 und
1503 3649 1647 3701 einer
1682 3665 1780 3701 von
1818 3646 2201 3715 Dyrrhachium
2237 3662 2354 3699 vom
2389 3645 2476 3699 26.
2514 3644 2645 3699 Now

205 3732 448 3790 datierten
476 3736 820 3789 Nachschrift
846 3737 1058 3790 enthiilt
1093 3737 1187 3790 der
1218 3737 1366 3790 Brief
1398 3739 1452 3802 1)
1488 3736 1696 3792 Ciceros
1727 3736 2124 3802 Selbstanklage
2162 3735 2401 3800 daffiber,
2439 3734 2555 3787 dass
2591 3751 2651 3787 er

207 3822 330 3876 seina
355 3824 574 3878 Familie
601 3825 685 3878 ins
712 3825 956 3894 Ungliick
983 3829 1224 3895 gestiirzt
1248 3826 1348 3878 hat
1374 3827 1426 3894 (ξ
1455 3827 1505 3879 1.
1534 3826 1618 3891 2);
1657 3826 1713 3890 2)
1747 3825 2016 3891 Hoffnung
2038 3823 2132 3877 auf
2151 3824 2363 3891 baldige
2390 3823 2649 3892 Erliisung

205 3909 354 3965 durch
389 3914 473 3966 die
500 3913 879 3981 Bemiihungen
917 3914 1010 3967 der
1037 3914 1291 3979 Freunde,
1329 3914 1652 3967 namentlich
1688 3913 1852 3966 durch
1891 3911 2100 3967 Casar
2136 3913 2245 3965 und
2282 3912 2523 3982 Pompe
2532 3912 2646 3981 jus

206 3999 249 4066 (ξ
280 4001 494 4068 2—4);
543 4003 601 4067 3)
636 4001 894 4069 Fiirsorge
941 4002 1025 4055 fiir
1071 4002 1154 4055 die
1203 4002 1436 4055 Zukunft
1483 4002 1578 4054 der
1612 4000 1828 4054 Familie
1876 4002 1929 4069 (ξ
1965 4000 2035 4065 5).
2111 4001 2217 4055 Der
2251 4001 2400 4054 Brief
2438 4002 2514 4053 ist
2562 4002 2647 4054 ein

208 4088 478 4145 schones
517 4091 815 4159 Zeugnis
851 4107 1131 4144 warmer
1168 4090 1463 4145 Gatten·
1500 4090 1636 4143 und
1672 4090 2097 4143 Vaterliebe.

340 4193 382 4233 ι.
433 4181 608 4233 <mimi
647 4221 658 4234 .
683 4220 695 4233 .
717 4221 730 4233 .
770 4179 1037 4247 corporis]
1089 4180 1350 4245 „seelisch
1389 4208 1456 4217 ——
1493 4179 1846 4248 kerperlich‘st
1921 4178 2084 4232 Daffir
2132 4179 2231 4231 hat
2278 4179 2371 4232 der
2405 4178 2647 4231 Lateiner

206 4261 340 4319 keine
365 4267 660 4335 Adjektiva.
692 4298 761 4306 —
789 4268 903 4322 ista
933 4268 1140 4321 virtute
1168 4268 1290 4335 etc]
1331 4266 1450 4320 Abl.
1482 4267 1576 4319 der
1603 4265 1957 4334 Eigenschaft.
1988 4295 2055 4304 -—
2085 4266 2400 4333 aerumnas]
2442 4265 2646 4332 „Triib-

209 4351 332 4418 sa1“,
368 4355 650 4408 veraltetes
677 4356 848 4422 Wort,
887 4356 981 4409 das
1018 4355 1123 4410 Cic.
1153 4356 1216 4409 de
1242 4355 1435 4409 finibus
1461 4355 1534 4422 II,
1570 4357 1670 4409 118
1708 4356 1877 4409 selbst
1912 4371 1970 4408 so
2006 4354 2235 4408 erklart:
2274 4355 2392 4421 „sic
2426 4354 2644 4406 maiores

2137 4444 2170 4496 3
2189 4443 2218 4473 'k
