3146 4826
901 325 1161 379 Ciceronis
1198 325 1454 395 epistulae
1493 325 1715 380 selectae
1749 326 1942 380 XXIV.
2555 326 2654 384 lll

215 504 395 566 quam
442 486 520 549 ab
572 485 800 549 iniuria
847 488 962 549 tua
1007 487 1162 549 nata
1209 490 1324 550 est.
1418 485 1523 550 Sic
1579 487 1749 551 enim
1794 489 1936 551 volo
1982 489 2047 551 te
2094 487 2211 551 tibi
2255 488 2654 571 persuadere,

210 592 358 655 mihi
386 593 705 656 neminem
753 610 890 655 esse
939 592 1246 656 cariorem
1292 595 1356 656 te
1404 595 1661 676 excepto
1715 592 1985 658 Caesare
2033 611 2174 657 meo
2220 612 2449 675 meque
2495 594 2654 657 illud

209 717 329 761 una
372 698 677 775 iudicare,
733 697 1078 763 Caesarem
1130 699 1406 762 maxime
1461 699 1529 762 in
1585 700 1718 763 suis
1774 699 1860 762 M.
1908 698 2279 764 Ciceronem
2334 718 2652 783 reponere.

211 803 341 882 Qua
393 823 487 881 re,
540 805 630 868 mi
683 803 929 881 Cicer0,
983 806 1057 868 te
1111 822 1315 886 roge,
1369 808 1454 869 ut
1510 805 1653 870 tibi
1708 806 1956 869 omnia
2008 806 2313 887 integra
2369 825 2702 874 serves,2

212 911 334 974 eius
379 910 571 974 fidem
613 912 953 995 improbeS,
1001 911 1113 993 qui
1158 912 1292 988 tibi,
1338 914 1414 975 ut
1458 912 1837 976 beneficium
1884 912 2083 990 daret,
2127 913 2305 995 prius
2351 912 2652 976 iniuriam

208 1016 362 1095 fecit,
410 1021 627 1081 contra
671 1036 752 1081 ne
783 1017 1127 1100 profugiaS,
1175 1019 1286 1099 qui
1330 1021 1413 1095 te,
1462 1019 1585 1082 etsi
1614 1037 1741 1082 non
1774 1019 2015 1083 amabit
2045 1053 2133 1063 —
2166 1019 2336 1100 quod
2369 1018 2649 1083 accidere

208 1143 322 1188 non
365 1127 578 1207 potest
623 1159 729 1201 —,
775 1126 996 1188 tamen
1029 1124 1280 1189 salvum
1313 1125 1909 1208 amplissimumque
1943 1144 2081 1189 esse
2114 1125 2342 1208 cupiet.
2418 1125 2651 1189 Dedita

208 1249 383 1312 opera
441 1231 519 1294 ad
575 1234 639 1295 te
688 1230 1137 1313 Calpurnium,
1191 1230 1763 1295 familiarissimum
1822 1250 2065 1309 meum,
2127 1232 2301 1309 misi,
2365 1235 2441 1295 ut
2495 1231 2652 1295 mihi

206 1355 466 1418 magnae
513 1355 701 1401 curae
749 1341 932 1401 tuam
978 1337 1180 1402 vitam
1227 1355 1301 1401 ac
1347 1337 1729 1418 dignitatem
1776 1355 1914 1401 esse
1964 1339 2210 1402 scires.⁶⁵

366 1514 609 1577 Eodem
641 1515 741 1578 die
775 1534 813 1578 a
845 1513 1169 1579 Caesare
1199 1514 1586 1578 Philotimus
1627 1515 1877 1578 litteras
1920 1514 2141 1578 attulit
2179 1515 2301 1578 hoc
2334 1516 2649 1596 exemplo:

613 1744 990 1822 „CAESAR
1036 1744 1210 1809 IMP.
1262 1655 1449 1809 siulf(
1480 1745 1558 1808 n.
1607 1743 2015 1810 CICERONI
2058 1744 2233 1808 IMP.

366 1870 514 1932 Etsi
567 1872 632 1933 te
678 1869 841 1932 nihil
886 1872 1153 1946 temere,
1207 1869 1367 1932 nihil
1421 1868 1862 1952 imprudenter
1916 1868 2237 1933 facturum
2283 1868 2649 1944 iudicaram,
2680 1889 2700 1928 ι

200 1978 404 2040 tamen
461 1977 793 2059 permotus
848 1975 1181 2039 hominum
1236 1975 1409 2040 fama
1465 1975 1871 2040 scribendum
1926 1975 2007 2039 ad
2060 1977 2124 2039 te
2182 1975 2539 2039 existimavi
2585 1979 2650 2039 et

201 2100 303 2163 pro
345 2085 573 2146 nostra
618 2082 1060 2146 benevolentia
1104 2082 1477 2164 petendum,
1531 2101 1620 2146 ne
1679 2101 1821 2163 quo
1867 2080 2436 2165 progredereris
2483 2100 2652 2164 pro-

203 2188 478 2253 clinata
523 2189 672 2253 iam
719 2207 823 2265 re,
871 2207 1012 2269 quo
1060 2189 1362 2270 integra
1395 2189 1626 2252 etiam
1657 2187 2291 2270 progrediendum
2335 2188 2479 2251 tibi
2507 2205 2650 2250 non

203 2295 739 2359 existimasses.
831 2295 1128 2376 Namque
1176 2298 1242 2358 et
1288 2295 1605 2359 amicitiae
1663 2295 2016 2376 graviorem
2070 2294 2372 2358 iniuriam
2424 2293 2647 2358 feceris

202 2402 262 2464 et
310 2402 428 2466 tibi
490 2401 708 2467 minus
774 2401 1098 2466 commode
1163 2401 1587 2479 consulueriS‚
1653 2401 1709 2465 si
1770 2420 1898 2465 non
1955 2400 2247 2465 fortunae
2312 2401 2649 2466 obsecutus

200 2507 481 2573 videbere
530 2545 616 2555 -—
665 2509 912 2572 omnia
960 2509 1157 2572 enim
1205 2507 1763 2572 secundissima
1805 2507 2051 2585 nobie,
2108 2508 2651 2572 adversissima

200 2614 348 2678 illis
396 2615 771 2679 accidisse
818 2615 1175 2679 videntur
1224 2651 1326 2691 -‚
1371 2633 1489 2678 nec
1521 2633 1785 2679 causam
1818 2616 2075 2678 secutus
2110 2650 2194 2660 —
2229 2614 2451 2679 eadem
2483 2615 2652 2678 enim

199 2723 330 2785 tum
375 2721 531 2798 fuit,
580 2740 729 2785 cum
776 2722 853 2785 ab
901 2740 1121 2786 eorum
1169 2721 1443 2785 consiliis
1494 2722 1716 2785 abesse
1763 2721 2058 2784 iudicasti
2108 2757 2218 2797 —-,
2274 2720 2387 2785 sed
2433 2739 2651 2785 meum

198 3001 301 3038 sam
327 3003 420 3039 um
450 2986 547 3040 das
574 2987 819 3054 Augurat
846 2987 1133 3040 beworben.
1190 2985 1379 3056 Spater
1415 2986 1627 3039 riihmte
1656 2985 1768 3039 sich
1794 2984 2057 3038 Antonius
2095 3001 2212 3038 zum
2247 2983 2457 3052 grossen
2484 2972 2652 3052 Inger

197 3071 393 3128 Ciceros
411 3118 424 3141 ,
477 3092 536 3128 er
584 3075 720 3128 habe
765 3092 866 3128 nur
920 3092 1015 3129 aus
1063 3073 1402 3142 Gefalligkeit
1454 3091 1623 3143 gegen
1679 3074 1857 3127 diesen
1912 3073 2052 3127 seine
2100 3073 2425 3141 Bewerbung
2479 3072 2651 3141 ausge-

194 3164 365 3228 geben.
409 3193 477 3202 —
517 3178 781 3231 reponere
816 3162 902 3232 i‘n]
942 3164 1211 3231 „rechnen
1247 3165 1466 3217 unter“.

332 3264 379 3306 2.
434 3252 628 3307 onmia
672 3252 896 3321 intem-a
944 3253 1140 3320 serves]
1190 3294 1220 3319 ‚‚
1236 3252 1348 3306 sich
1395 3253 1451 3305 in
1500 3252 1657 3304 allem
1692 3251 1817 3304 freie
1852 3250 2009 3304 Hand
2058 3250 2265 3304 wahren
2278 3251 2327 3316 “,
2366 3251 2461 3304 wie
2496 3251 2649 3320 epist.

192 3339 308 3407 XII,
349 3341 380 3394 7
398 3347 508 3403 (ιο).
563 3370 630 3379 -
682 3340 802 3395 eius
836 3341 999 3407 fidem
1033 3339 1326 3409 improbes]
1366 3344 1562 3407 „traue
1612 3339 1730 3392 dem
1778 3339 1957 3408 Pomp.
2006 3338 2217 3393 nicht“.
2292 3338 2365 3391 Er
2410 3339 2507 3392 hat
2551 3356 2652 3391 nur

194 3428 333 3483 deine
370 3430 736 3498 Verbannung
772 3429 1143 3498 durchgesetzt
1157 3471 1170 3495 ‚
1220 3429 1389 3482 damit
1425 3429 1496 3482 du
1531 3429 1642 3483 ihm
1679 3428 1908 3481 nachher
1943 3428 2091 3481 deine
2127 3426 2407 3480 Ruekkehr
2442 3443 2505 3480 zu
2541 3443 2651 3479 ver-

194 3516 393 3572 ‹lanken
431 3518 641 3572 habest.
692 3548 762 3557 —
812 3518 910 3588 qui
950 3518 1023 3586 te]
1062 3517 1239 3573 Casar.
1294 3546 1360 3554 —
1412 3517 1605 3572 dedita
1642 3516 1832 3587 opera]
1886 3516 2028 3583 „mit
2063 3515 2375 3569 besonderer
2409 3514 2647 3581 Absicht‚

193 3605 428 3673 eigens“.
506 3623 733 3676 operam
770 3606 966 3662 dedere
1003 3607 1228 3660 veraltet
1268 3631 1332 3649 =
1371 3623 1458 3674 op.
1500 3606 1651 3661 dovre.

326 3718 541 3779 Anlage
578 3719 633 3767 B.
707 3713 825 3767 Von
874 3712 1036 3768 Casar
1086 3714 1254 3768 selbst
1302 3712 1493 3766 erhielt
1528 3712 1707 3767 Cicero
1754 3729 1839 3776 am
1890 3712 1975 3783 427.
2013 3709 2165 3779 April
2214 3709 2354 3763 diese
2400 3709 2491 3763 auf
2532 3709 2649 3762 dem
2729 3706 2791 3751 ³³·-
2816 3706 2831 3729 ‘'
2869 3703 2907 3738 ·'
2966 3700 2975 3719 ³

191 3801 430 3856 Marsche
477 3803 614 3855 nach
661 3802 762 3856 den
798 3795 969 3872 Alpen
1003 3802 1369 3871 geschriebene
1405 3802 1555 3855 Bitte
1593 3802 1700 3855 und
1735 3801 2010 3869 Warnung
2023 3842 2036 3867 ,
2089 3799 2202 3853 sich
2249 3798 2399 3852 nicht
2444 3799 2501 3852 in
2549 3798 2650 3852 den
2702 3822 2731 3853 o
2744 3800 2797 3857 ’μ’
2822 3826 2867 3847 ...
2882 3828 2899 3853 e
2944 3834 2971 3845 ..

191 3887 352 3945 Streit
390 3905 460 3944 zn
496 3890 747 3945 mischen.

335 3992 380 4034 1.
410 3979 743 4048 proclinata
778 3979 857 4047 re]
896 3977 1189 4047 Gegensatz
1227 3996 1293 4032 zu
1326 3979 1545 4047 intem-a
1582 3994 1654 4032 sc.
1690 3994 1766 4032 re.
1816 4007 1884 4016 —
1937 3976 2229 4044 commode]
2269 4017 2301 4044 ‚,
2314 3975 2584 4045 geschickt
2599 3976 2647 4041 “,

190 4067 334 4121 nicht
373 4110 406 4135 „
419 4069 644 4137 bequem
659 4069 708 4122 “.
745 4097 818 4106 —
854 4067 1122 4133 fortunae
1159 4065 1465 4135 obsecums]
1505 4067 1558 4121 d.
1596 4067 1650 4121 h.
1688 4083 1810 4120 man
1846 4065 1976 4119 wird
2011 4082 2067 4119 es
2103 4066 2187 4119 fiir
2222 4065 2423 4132 unklug
2448 4064 2646 4129 halten,

189 4172 334 4210 wenn
371 4157 451 4210 du
486 4156 609 4210 dieh
640 4156 782 4225 jetzt
815 4157 909 4210 der
944 4157 1052 4211 fast
1087 4157 1461 4225 unterlegenen
1488 4155 1669 4209 Partei
1702 4154 2013 4208 zuwendest.
2050 4183 2124 4193 -
2158 4151 2426 4221 videbere]
2462 4152 2649 4221 gehort

189 4245 317 4299 auch
357 4262 428 4298 zu
465 4251 685 4300 secutus
719 4245 828 4299 und
864 4245 1315 4301 condemmvisse.
1356 4274 1422 4282 --
1461 4242 1757 4311 iudicasti]
1796 4284 1828 4309 „
1841 4242 2184 4297 beschliel'sen
2200 4243 2251 4308 “‚
2297 4240 2514 4295 deshalb
2550 4239 2649 4293 mit

187 4333 301 4389 dem
335 4333 548 4389 blossen
583 4333 834 4390 Infinitiv.
