3146 4826
480 325 553 385 36
1241 330 1501 385 Ciceronis
1537 332 1794 401 epistulae
1832 332 2052 385 selectae
2088 331 2179 386 IX.

482 490 790 572 capiebat,
838 508 911 554 ex
959 509 1030 554 eo
1079 493 1294 555 tantos
1326 492 1647 574 percipere
1686 493 1931 557 luctus!
2010 493 2177 556 Nam
2225 492 2374 573 quid
2424 511 2538 573 ego
2587 492 2664 555 de
2714 493 2951 557 Cice-

480 615 674 659 rone
725 596 976 660 dicam?
1054 596 1177 675 Qui
1211 617 1358 662 cum
1388 599 1668 680 primum
1702 617 1920 680 sapere
1956 600 2175 681 coepit,
2222 599 2660 663 acerbissimos
2695 599 2948 662 dolores

480 702 896 784 miseriasque
943 704 1240 785 percepit.
1335 702 1511 781 Quae
1560 705 1644 780 si,
1691 708 1765 766 tu
1814 707 1888 767 ut
1936 706 2183 781 scribi8‚
2230 704 2362 768 fato
2409 705 2581 769 facta
2627 707 2950 788 putarem,

482 807 716 872 ferrem
746 810 936 891 paulo
967 808 1235 885 facilius,
1283 810 1394 873 sed
1433 811 1696 874 omnia
1742 813 1934 874 sunt
1977 829 2147 874 mea
2193 811 2433 892 culpa
2480 811 2949 885 commissa,

484 914 595 996 qui
642 916 719 978 ab
765 915 842 978 iis
888 934 992 979 me
1041 917 1243 979 amari
1287 917 1628 999 putabam,
1676 917 1784 998 qui
1831 917 2227 992 invidebant,
2283 936 2388 980 eos
2436 936 2561 981 non
2611 917 2950 998 sequebar,

431 1039 459 1080 2
484 1021 594 1101 qui
638 1022 958 1103 petebant.
1053 1020 1236 1099 Quod
1283 1022 1338 1085 si
1382 1023 1618 1086 nostris
1682 1023 1957 1086 consiliis
2019 1023 2120 1086 usi
2182 1041 2467 1086 essemus
2513 1041 2723 1103 neque
2774 1021 2951 1104 apud

479 1145 595 1190 nos
643 1128 898 1190 tantum
945 1128 1250 1191 valuisset
1313 1146 1519 1191 sermo
1568 1130 1683 1192 aut
1745 1130 2090 1192 stultorum
2153 1129 2503 1193 amicorum
2551 1131 2665 1192 aut
2709 1129 2954 1210 impro-

481 1233 724 1308 borum,
764 1233 1117 1297 beatissimi
1146 1234 1537 1297 viveremus:
1581 1254 1768 1312 nunc,
1811 1236 2110 1317 quoniam
2152 1254 2487 1318 sperare
2524 1253 2665 1298 nos
2707 1234 2953 1298 amici

479 1339 797 1414 iubent,
846 1339 1005 1403 dabo
1053 1358 1325 1422 operam,
1371 1358 1451 1403 ne
1497 1359 1644 1404 mea
1690 1341 1984 1405 valetudo
2030 1343 2146 1405 tuo
2183 1342 2389 1431 ‚labori
2434 1340 2617 1404 desit.

659 1445 787 1508 Res
851 1446 1092 1527 quanta
1156 1446 1271 1522 sit,
1333 1446 1662 1527 intellego,
1726 1449 2091 1528 quantoque
2144 1446 2338 1510 fuerit
2385 1447 2634 1510 facilius
2682 1464 2953 1510 manere

482 1550 651 1614 domi
699 1569 890 1632 quam
939 1551 1176 1624 redire;
1226 1552 1337 1615 sed
1384 1553 1628 1629 tamen,
1677 1554 1731 1615 si
1777 1571 1994 1616 omnes
2040 1553 2327 1616 tribunos
2374 1554 2458 1635 pl.
2498 1553 2847 1629 habemus,
2898 1552 2954 1614 si

479 1656 919 1720 Lentulum
963 1658 1100 1720 tam
1148 1658 1533 1734 studiosum,
1598 1677 1792 1739 quam
1837 1658 2114 1735 videtur,
2178 1660 2230 1722 si
2276 1677 2423 1722 vero
2472 1659 2672 1722 etiam
2718 1658 2954 1722 Pom-

433 1763 746 1845 apeium
792 1765 858 1826 et
904 1762 1364 1840 Caesarem,
1426 1783 1551 1827 non
1600 1767 1702 1828 est
1748 1764 2232 1847 desperandum.
2324 1765 2419 1828 De
2476 1764 2758 1839 familia,
2827 1782 2953 1846 quo

474 1869 664 1932 modo
711 1869 1025 1951 placuisse
1075 1869 1295 1933 scribis
1359 1870 1614 1946 amicis,
1675 1869 2014 1943 faciemus;
2080 1870 2156 1933 (10
2217 1871 2382 1946 1000,
2445 1890 2617 1934 01100
2681 1871 2953 1952 1111111010

480 1975 609 2037 1010
657 1975 813 2037 abiit
858 1975 1248 2056 pestilentia,
1297 1975 1406 2039 sed
1455 1995 1650 2057 quam
1699 1976 1807 2039 diu
1855 1975 2004 2052 fuit,
2052 1995 2153 2039 me
2200 1995 2327 2039 non
2375 1977 2607 2057 attigit.
2701 1976 2956 2039 Plan-

481 2080 921 2157 01110,«110100
969 2081 1483 2158 officiosissimuS,
1529 2101 1633 2145 me
1681 2082 1856 2164 cupit
1904 2100 2041 2145 esse
2092 2100 2308 2145 secum
2340 2083 2652 2146 0101111110
2690 2084 2954 2146 retinet.

478 2184 614 2268 'Ego
660 2187 953 2250 volebam
996 2188 1132 2251 1000
1179 2189 1384 2269 magis
1432 2188 1682 2252 deserto
1732 2206 1869 2251 esse
1916 2188 1983 2250 in
2028 2188 2250 2269 Epire,
2313 2206 2437 2268 quo
2484 2206 2694 2269 neque
2744 2188 2954 2270 Hispo

480 2381 650 2435 nostri
686 2380 889 2434 labores
925 2396 1028 2434 non
1065 2380 1337 2448 fugiendos
1375 2380 1681 2434 tristissimo
1717 2381 1871 2434 verbo
1907 2381 2366 2435 nominaverunt“.
2407 2410 2475 2420 —
2512 2398 2649 2435 nam
2677 2380 2826 2450 quid
2859 2397 2956 2450 eqo

480 2470 549 2522 de
577 2470 832 2524 Cicerone
862 2469 1045 2523 dicam
1060 2468 1109 2537 ἓ]
1150 2470 1297 2536 „Von
1334 2470 1553 2523 meinem
1593 2486 1770 2523 armen
1799 2469 1939 2522 Sohn
1976 2487 2108 2538 ganz
2139 2487 2201 2523 zu
2230 2470 2536 2538 schweigen,
2577 2470 2780 2523 denn“.
2850 2470 2959 2523 Mit

482 2558 575 2610 der
599 2557 806 2610 Formel
843 2558 973 2610 wird
1009 2558 1339 2625 angedeutet‚
1379 2557 1496 2610 dass
1532 2574 1654 2610 man
1690 2559 1839 2611 einen
1877 2558 1970 2610 der
1996 2557 2159 2611 Sache
2186 2559 2641 2628 entsprecheuden
2666 2558 2957 2611 Ausdruck

480 2645 631 2697 nicht
679 2645 855 2698 finden
906 2662 968 2697 zu
1018 2646 1222 2698 konnen
1270 2646 1452 2699 meint.
1527 2645 1667 2713 quid
1711 2645 1786 2698 ist
1835 2645 2012 2711 dabei,
2066 2646 2253 2699 0011010
2304 2647 2399 2699 wie
2448 2648 2503 2699 in
2556 2647 2696 2715 quid
2751 2648 2958 2715 loquar

481 2733 550 2787 de
595 2734 719 2786 oder
767 2733 906 2802 quid
942 2734 1126 2787 dicam
1161 2734 1263 2786 mit
1297 2734 1463 2786 einem
1501 2732 1697 2801 Objekt
1731 2735 1970 2799 (‚,wozu“
1986 2733 2062 2798 1)),
2110 2733 2614 2803 Objektsaccusativ.
2690 2753 2834 2789 nam
2872 2736 2959 2789 be-

481 2822 694 2887 1100101,
751 2822 867 2875 dass
918 2821 1021 2876 Cic.
1072 2822 1172 2874 mit
1217 2825 1400 2889 gutem
1450 2820 1661 2887 Grund,
1719 2822 1846 2874 eben
1896 2822 2011 2875 weil
2060 2822 2227 2875 seines
2278 2822 2476 2876 Sohnes
2528 2822 2792 2876 Geschick
2846 2824 2959 2876 ihm

483 2928 546 2963 zu
596 2910 801 2979 traurig
848 2910 1138 2974 erscheint,
1189 2909 1301 2962 dies
1350 2909 1498 2962 nicht
1543 2909 1708 2962 001101·
1757 2909 2014 2962 ausffihrt.
2090 2908 2234 2963 Ganz
2271 2911 2459 2964 ebenso
2498 2911 2563 2963 de
2599 2911 2727 2980 imp.
2766 2912 2956 2982 Pomp.

480 3000 514 3066 ἓ
559 3000 659 3052 33;
712 3016 875 3064 „nam
924 2998 1049 3068 quid
1100 3014 1195 3064 ego
1244 2995 1488 3051 Ostiense
1535 2997 1917 3050 incommodum
1965 2999 2124 3066 atque
2172 2998 2317 3050 illam
2367 2999 2539 3051 labem
2590 3003 2757 3068 atque
2809 3000 2959 3069 igno-

482 3087 694 3138 miniam
733 3086 1045 3155 reipublicae
1083 3085 1358 3154 querar?“
1424 3085 1542 3152 Vgl.
1582 3085 1736 3153 epist.
1767 3084 1829 3151 V,
1881 3086 1915 3138 3
1954 3101 2016 3137 zu
2053 3086 2190 3153 quid
2226 3087 2372 3140 enim
2408 3086 2639 3141 dicam?
2713 3088 2818 3141 Die
2861 3087 2960 3143 Ge-

483 3174 849 3241 burtsanzeige
869 3174 959 3225 des
974 3173 1229 3241 jungeren
1251 3172 1354 3227 Cic.
1377 3190 1418 3227 s.
1439 3173 1593 3242 epist.
1613 3172 1710 3225 III.
1733 3201 1798 3210 -
1821 3173 1982 3227 abiis
2002 3174 2124 3240 etc.]
2144 3174 2397 3226 Dasselbe
2418 3175 2574 3244 epist.
2589 3175 2714 3242 VII,
2738 3178 2790 3230 1.
2813 3178 2867 3231 2.
2891 3207 2957 3215 -

479 3263 581 3331 qui
607 3261 892 3329 petebant]
933 3261 1057 3328 „die
1095 3261 1207 3315 sich
1243 3279 1334 3315 um
1369 3261 1506 3314 mich
1543 3261 1876 3327 bewarben“‚
1915 3262 2010 3313 wie
2048 3260 2209 3315 Casar
2244 3262 2378 3315 nach
2414 3264 2571 3332 epist.
2611 3264 2704 3330 VI,
2744 3267 2799 3319 3.

631 3362 677 3403 2.
715 3366 783 3402 ne
818 3366 939 3403 mea
973 3350 1232 3403 valetudo
1269 3356 1366 3403 tuo
1403 3349 1583 3402 labori
1619 3347 1786 3417 desit]
1828 3348 2036 3414 „damit
2062 3350 2211 3402 nicht
2237 3353 2372 3403 etwa
2395 3351 2537 3404 mein
2566 3349 2961 3407 Gesundheits-

485 3439 709 3492 zustand
745 3437 895 3491 deine
929 3437 1305 3505 Bemiihungen
1342 3436 1617 3490 vereitle“.
1658 3466 1724 3474 —
1763 3437 2014 3492 tribunos
2045 3438 2150 3506 pL]
2188 3439 2412 3492 dariiber
2449 3456 2491 3492 0.
2530 3440 2690 3509 epist.
2731 3441 2868 3510 VII,
2907 3443 2958 3507 3,

482 3526 613 3579 iiber
649 3527 747 3579 den
786 3527 1139 3593 designierten
1174 3525 1378 3579 Konsul
1413 3524 1670 3577 Lentulus
1706 3525 1904 3577 ebenda
1940 3527 1971 3593 ξ
2006 3525 2057 3579 5.

633 3627 676 3668 0.
714 3614 962 3681 familia]
998 3612 1466 3681 „Dienerschaft“.
1507 3642 1576 3650 —
1614 3612 1679 3665 de
1717 3611 1852 3678 loco]
1893 3629 2030 3678 „was
2057 3612 2428 3667 Thessalonich
2468 3615 2738 3670 betrifft“.
2800 3618 2960 3671 Diese

485 3701 641 3753 kurze
676 3702 970 3756 Redeweise
1006 3702 1175 3755 findet
1212 3700 1323 3754 sich
1361 3700 1438 3753 oft
1472 3699 1545 3751 im
1583 3699 1832 3765 Briefstil,
1871 3700 2149 3753 besonders
2194 3701 2247 3753 in
2283 3691 2637 3771 Ubergangen
2677 3721 2748 3758 zu
2785 3723 2961 3760 neuen

484 3786 888 3855 Gegenstanden
904 3832 917 3856 ,
966 3789 1212 3843 1101110011
1264 3788 1330 3841 de
1381 3790 1531 3841 sonst
1578 3804 1680 3840 nur
1724 3788 1780 3840 in
1816 3788 2157 3856 Verbindung
2191 3789 2291 3841 mit
2325 3790 2498 3843 verbis
2538 3792 2813 3847 sentiendi
2851 3793 2961 3848 und

482 3876 784 3930 declarandi
811 3893 869 3930 so
895 3878 1187 3945 gebraucht
1212 3876 1359 3929 wird.
1389 3905 1455 3913 —
1494 3873 1591 3929 On.
1619 3874 1912 3942 Plancius]
1941 3876 2034 3929 der
2061 3875 2201 3929 Sohn
2229 3876 2370 3930 eines
2393 3877 2667 3934 Freundes
2697 3899 2803 3936 von
2834 3883 2959 3949 cic„

483 3964 687 4017 damals
724 3963 953 4029 011110101-
987 3967 1042 4020 10
1078 3965 1413 4019 Macedonien
1429 4006 1442 4030 ‚
1489 3962 1615 4015 eilte
1652 3963 1746 4015 auf
1776 3964 1859 4016 die
1895 3964 1948 4017 N
1949 3964 2186 4017 achricht
2222 3981 2321 4019 von
2356 3964 2565 4020 Ciceros
2604 3969 2861 4024 Ankunft
2905 3971 2960 4025 in

485 4051 867 4106 Griechenland
902 4055 1012 4107 ihm
1047 4057 1305 4121 entgegen
1343 4052 1453 4105 und
1490 4050 1667 4103 ftihrte
1703 4050 1794 4103 ihn
1827 4052 1960 4104 nach
1988 4052 2359 4106 Thessalonich
2385 4054 2441 4106 in
2472 4055 2616 4109 seine
2647 4057 2958 4129 Wohnung,

486 4143 626 4193 trotz
664 4141 757 4193 der
792 4141 1071 4196 Bedenken
1109 4142 1201 4193 des
1239 4140 1591 4193 Statthalters
1629 4155 1802 4206 wegen
1841 4139 1934 4192 der
1968 4138 2258 4193 Aufnahme
2294 4141 2436 4195 eines
2472 4145 2733 4212 politisch
2773 4166 2834 4202 so
2872 4166 2961 4203 an·

486 4228 672 4295 11101118Γ
705 4230 1043 4296 gewordenen
1069 4229 1304 4282 Mannes.
1345 4256 1411 4265 —
1449 4225 1656 4294 Hispo]
1694 4227 1786 4279 der
1811 4226 2012 4280 Fiihrer
2038 4227 2131 4280 der
2156 4227 2422 4296 Soldaten,
2463 4231 2625 4286 deren
2653 4233 2962 4291 Einrticken

462 4315 590 4371 Cic.
640 4316 949 4370 befiirchtet.
1034 4317 1187 4369 Denn
1234 4315 1317 4368 fiir
1363 4315 1431 4369 57
1481 4331 1589 4368 war
1636 4314 1971 4368 Macedonien
2019 4315 2213 4369 seinem
2262 4315 2457 4371 Feinde
2507 4319 2568 4374 L.
2619 4322 2751 4379 Piso
2768 4367 2782 4392 ‚
2845 4327 2962 4379 dem
