3146 4826
948 337 1210 392 Ciceronis
1247 338 1503 407 epistulae
1540 339 1762 392 selectae
1798 339 1891 392 IX.
2578 338 2648 399 87

207 497 432 559 veniret
479 516 598 561 nec
643 498 911 573 milites,
975 498 1085 560 sed
1133 497 1339 562 adhuc
1385 498 1685 563 Plancius
1732 519 1834 563 me
1882 501 2148 564 retinet:
2206 503 2418 583 sperat
2463 520 2646 584 posse

203 603 339 679 fieri,
385 606 460 667 ut
505 623 762 667 mecum
808 605 875 666 in
920 603 1180 667 Italiam
1228 605 1508 668 decedat.
1594 604 1799 683 Quem
1848 624 1961 687 ego
2010 606 2176 670 diem
2223 609 2277 670 si
2323 608 2535 672 videro
2583 611 2648 672 et

205 709 250 771 si
303 710 366 771 in
427 712 721 773 vestrum
785 710 1183 792 complexum
1245 730 1471 774 venero
1519 730 1593 774 ac
1640 712 1694 773 si
1742 714 1807 774 et
1854 731 1961 775 vos
2009 714 2075 776 et
2122 732 2223 776 me
2279 715 2489 795 ipsum
2551 733 2649 778 re-

203 834 508 897 cuperaro,
559 817 716 879 satis
764 835 1073 897 magnum
1119 817 1275 880 mihi
1312 816 1595 880 fructum
1629 818 1884 882 videbor
1914 819 2266 900 percepisse
2301 823 2365 882 et
2399 822 2646 884 vestrae

200 922 440 1003 pietatis
499 924 567 986 et
622 941 822 986 meae.
913 922 1242 985 Pisonis
1305 923 1706 999 humanitas,
1766 924 2002 999 virtus,
2066 943 2241 987 amor
2303 925 2364 986 in
2429 944 2693 989 omnes⁴

200 1047 299 1091 nos
344 1031 571 1092 tantus
620 1031 749 1105 est,
805 1031 880 1091 ut
924 1029 1084 1091 nihil
1132 1047 1325 1110 supra
1370 1029 1606 1110 possit:
1662 1030 1910 1092 utinam
1962 1049 2037 1093 ea
2082 1049 2182 1093 res
2231 1032 2289 1093 ei
2335 1032 2647 1112 voluptati

177 1134 304 1197 'siti
394 1134 652 1198 Gloriae
705 1134 962 1215 quidem
1010 1135 1189 1198 video
1236 1134 1385 1197 fore.
1477 1135 1572 1198 De
1624 1133 1695 1212 Q.
1743 1134 1939 1198 fratre
1987 1137 2147 1199 nihil
2194 1156 2306 1218 ego
2355 1141 2417 1200 te
2467 1156 2648 1201 accu-

200 1242 345 1316 savi,
409 1242 518 1304 sed
574 1261 719 1317 VOS,
782 1261 929 1305 cum
975 1242 1349 1323 praesertim
1399 1246 1534 1305 tam
1582 1242 1766 1323 pauci
1815 1244 1985 1318 sitis,
2049 1244 2219 1307 volui
2268 1262 2404 1306 esse
2454 1262 2648 1324 quam

199 1348 756 1411 coniunctissimos.
849 1346 1093 1425 Quibus
1146 1367 1251 1411 me
1300 1349 1556 1411 voluisti
1620 1367 1805 1430 agere
1868 1350 2140 1430 gratias,
2198 1341 2304 1430 'egi
2351 1352 2414 1414 et
2460 1369 2561 1414 me
2611 1369 2697 1414 as

197 1455 252 1516 te
294 1455 634 1517 certiorem
681 1453 925 1517 factum
971 1473 1109 1517 esse
1159 1455 1399 1535 scripsi.

359 1559 550 1638 Quod
585 1559 666 1622 ad
698 1578 818 1635 me,
867 1578 1010 1622 mea
1041 1560 1354 1635 Terentia,
1404 1561 1624 1623 scribis
1674 1564 1737 1623 te
1787 1561 2046 1623 vicum
2094 1561 2646 1638 vendituram,

200 1665 359 1745 quid,
415 1667 681 1729 obsecro
730 1667 824 1741 te,
892 1702 972 1709 —
1019 1685 1122 1729 me
1169 1666 1509 1728 miserum!
1561 1703 1642 1711 --
1696 1665 1845 1746 quid
1894 1665 2182 1730 futurum
2230 1670 2373 1730 est?
2438 1669 2530 1741 et,
2594 1667 2648 1730 si

196 1790 295 1834 nos
340 1773 596 1854 premet
644 1772 867 1835 eadem
916 1771 1202 1848 fortuna,
1266 1772 1415 1853 quid
1479 1792 1675 1854 puero
1737 1773 1969 1836 misero
2031 1772 2187 1835 fiet?
2279 1772 2417 1836 Non
2486 1792 2646 1854 queo

197 1878 425 1959 reliqua
490 1879 769 1942 scribere
833 1915 915 1925 —-
980 1880 1163 1941 tanta
1232 1879 1326 1942 vis
1389 1879 1799 1942 lacrimarum
1861 1881 1958 1943 est
2025 1916 2124 1955 —,
2185 1897 2391 1960 neque
2454 1882 2518 1943 te
2580 1880 2648 1943 in

198 1985 454 2048 eundem
528 1984 757 2048 fletum
829 1984 1160 2049 adducam.
1270 1986 1548 2049 Tantum
1620 1987 1856 2049 scribo:
1932 1987 1984 2049 si
2055 1988 2244 2049 erunt
2310 1987 2375 2048 in
2446 1985 2650 2050 officio

199 2092 396 2168 amici,
450 2092 730 2174 pecunia
779 2110 905 2153 non
954 2091 1185 2164 deerit;
1250 2093 1303 2154 si
1349 2110 1474 2155 non
1523 2093 1740 2164 erunt,
1806 2094 1878 2154 tu
1925 2092 2170 2156 efficere
2217 2096 2332 2154 tua
2379 2094 2647 2173 pecunia

196 2216 308 2260 non
352 2198 616 2280 poteris.
707 2199 830 2263 Per
877 2198 1166 2263 fortunas
1213 2200 1480 2263 miseras
1521 2201 1810 2275 nostraS,
1859 2199 2017 2275 vide,
2063 2217 2142 2261 ne
2189 2218 2459 2280 puerum
2506 2217 2649 2280 per-

199 2302 387 2368 ditum
450 2305 818 2388 perdamus.
914 2306 1032 2371 Cui
1080 2307 1133 2369 si
1181 2307 1418 2387 aliquid
1469 2306 1619 2382 erit,
1670 2325 1748 2369 ne
1799 2308 2012 2386 egeat,
2063 2305 2363 2369 mediocri
2408 2305 2644 2368 virtute

199 2430 339 2492 opus
388 2417 490 2476 est
543 2417 606 2477 et
653 2413 953 2477 mediocri
997 2412 1273 2489 fortuna,
1319 2417 1392 2477 ut
1439 2416 1649 2477 cetera
1695 2415 2139 2493 consequatur.

357 2520 489 2583 Fac
532 2521 747 2583 valeas
797 2524 860 2583 et
907 2520 984 2583 ad
1031 2540 1134 2583 me
1171 2521 1535 2584 tabellarios
1566 2520 1809 2596 mittas,
1855 2525 1931 2583 ut
1962 2520 2176 2595 sciam,
2226 2520 2378 2599 quid
2419 2521 2697 2600 agature

200 2627 257 2687 et
283 2644 388 2688 vos
425 2625 586 2707 quid
622 2627 846 2706 agatis.
892 2627 1051 2690 Mihi
1085 2627 1337 2690 omnino
1370 2627 1499 2689 iam
1527 2627 1736 2689 brevis
1762 2627 2145 2708 exspectatio
2179 2628 2293 2688 est.
2341 2626 2645 2690 Tulliolae

200 2733 255 2793 et
283 2730 573 2796 Ciceroni
608 2733 885 2795 salutem
932 2732 1047 2796 dic.
1093 2733 1316 2795 valete.
1364 2731 1421 2794 d.
1471 2751 1523 2794 a.
1557 2732 1615 2794 d.
1647 2752 1732 2794 VI.
1764 2732 1844 2795 Κ.
1875 2733 2171 2796 Decemb.
2203 2732 2601 2813 Dyrrhachii.

198 2924 632 2997 Sehwiegervater
670 2925 885 2993 casare,
933 2927 1065 2980 wohl
1108 2944 1172 2979 zu
1207 2926 1607 2979 unterscheiden
1645 2943 1743 2979 von
1781 2925 1985 2979 Ciceros
2023 2924 2442 2992 Schwiegersohn
2485 2923 2647 2977 Gaius

197 3013 304 3068 Piso
339 3019 402 3081 (s.
441 3017 603 3086 epist.
643 3016 779 3082 VII,
817 3016 851 3068 2
891 3016 997 3068 und
1036 3017 1118 3081 4),
1170 3015 1249 3068 als
1285 3015 1505 3067 Provinz
1549 3015 1839 3067 bestimmt.
1890 3045 1957 3052 —
2007 3013 2217 3082 videro]
2269 3015 2537 3080 ‚,erlebe“.
2579 3043 2646 3051 —

198 3101 456 3173 fructum]
513 3105 643 3157 Was
693 3105 792 3157 den
847 3105 1096 3171 „Lohn“,
1149 3105 1231 3157 die
1284 3104 1738 3171 „Befriedigung“
1785 3104 2051 3171 gewahrt,
2103 3103 2250 3155 steht
2299 3103 2370 3155 im
2420 3100 2646 3169 Genitiv‚

198 3193 426 3246 wahrend
466 3194 638 3247 durch
677 3210 743 3247 ex
780 3193 862 3245 die
900 3194 1104 3246 {iussere
1143 3192 1324 3258 Quelle
1362 3193 1529 3244 dieses
1565 3192 1790 3256 fructus
1826 3192 2126 3245 bezeichnet
2163 3198 2311 3244 ware.

328 3298 374 3336 4.
415 3283 486 3336 de
519 3283 580 3351 Q.
613 3281 813 3348 flratre]
853 3282 1022 3335 dieser
1057 3284 1120 3347 (s.
1149 3282 1302 3351 epist.
1332 3281 1458 3346 VII)
1485 3282 1559 3333 ist
1588 3281 1697 3333 also
1727 3281 1914 3333 wieder
1940 3281 1996 3334 in
2022 3280 2169 3334 Rom.
2235 3279 2337 3334 Cic.
2368 3281 2520 3332 hatte
2548 3281 2646 3332 den

199 3368 415 3424 Wunsch
445 3373 584 3424 nach
604 3371 887 3424 Eintracht
912 3372 967 3423 in
988 3371 1080 3423 der
1098 3369 1314 3423 Familie
1335 3370 1766 3439 ausgesprochen,
1797 3369 1879 3421 die
1897 3370 2218 3422 namentlich
2240 3370 2403 3422 durch
2423 3369 2505 3420 die
2525 3368 2648 3421 reiz·

199 3456 309 3510 bare
336 3460 643 3530 Pomponia,
675 3459 767 3511 des
796 3458 1025 3523 Quintus
1056 3457 1262 3524 Gattin,
1290 3461 1496 3525 gestort
1524 3458 1715 3510 wurde.
1767 3456 1817 3510 S.
1839 3459 1991 3526 epist.
2013 3458 2054 3523 1,
2076 3459 2110 3511 2
2130 3475 2179 3511 u.
2200 3458 2352 3511 Anm.
2404 3456 2647 3508 Terentia

198 3544 335 3600 hatte
363 3566 461 3601 aus
501 3549 682 3601 seinen
711 3547 928 3600 Worten
957 3547 1221 3599 Vorwiirfe
1257 3564 1423 3614 gegen
1461 3546 1572 3598 sich
1611 3546 1778 3598 selbst
1813 3546 2122 3612 (accusare)
2161 3544 2574 3612 herausgelesen.

332 3650 375 3689 5.
416 3636 640 3704 quibus]
684 3636 825 3702 „den
850 3636 1068 3695 Leuten,
1108 3635 1272 3687 denen
1309 3635 1395 3687 ich
1423 3634 1577 3686 Dank
1616 3651 1773 3701 sagen
1803 3635 2019 3687 sollte“.
2063 3664 2126 3671 —-
2165 3633 2365 3699 vicum]
2404 3632 2648 3685 Terentia

199 3724 357 3776 wollte
394 3727 481 3777 ein
521 3723 637 3778 Gut
674 3725 978 3789 verkaufen,
1031 3724 1143 3776 weil
1180 3723 1254 3776 sie
1302 3723 1467 3775 durch
1515 3723 1615 3775 den
1651 3723 1871 3775 Verlust
1918 3723 2008 3775 des
2060 3721 2417 3791 prachtvollen
2456 3721 2649 3774 Wohn-

198 3809 372 3865 hauses
410 3813 523 3866 und
562 3813 762 3880 einiger
789 3812 962 3864 Villen
999 3812 1054 3864 in
1091 3811 1204 3864 Not
1239 3814 1455 3879 geraten
1493 3828 1602 3863 war
1637 3811 1745 3863 und
1783 3810 2075 3863 ausserdem
2106 3809 2239 3864 Geld
2277 3810 2528 3862 brauchte
2565 3810 2649 3862 ffir

199 3896 389 3954 Ciceros
425 3900 726 3954 Riickkehr.
801 3900 984 3952 Dieser
1021 3900 1235 3953 straubt
1271 3900 1383 3953 sich
1422 3899 1683 3967 dagegen,
1725 3899 1840 3951 weil
1878 3899 2016 3951 dann
2055 3899 2173 3951 dem
2210 3899 2407 3964 Sohne,
2461 3898 2553 3950 der
2589 3914 2648 3950 so

200 3987 344 4041 sehon
381 4006 563 4056 genug
599 3989 910 4056 geschadigt
946 3989 1038 4054 sei,
1082 3989 1259 4041 nichts
1295 3988 1465 4041 bleibe
1500 3987 1593 4053 (ne
1622 3987 1911 4056 perditum
1939 3988 2283 4055 perdamus).
2323 4016 2391 4025 -—
2428 3986 2649 4054 aliquid

198 4077 310 4143 etc]
349 4095 497 4143 „nur
526 4077 823 4147 uberhaupt
849 4077 983 4129 noch
1011 4080 1188 4144 etwas,
1228 4094 1318 4129 um
1344 4076 1493 4129 nieht
1520 4093 1652 4143 ganz
1682 4075 1936 4128 mittellos
1966 4093 2028 4128 zu
2058 4076 2229 4141 sein“,
2261 4105 2328 4113 —
2360 4074 2645 4141 mediocri]

201 4180 328 4227 „nur
364 4183 453 4218 em
492 4167 719 4232 wen1g“.

333 4267 378 4307 6.
422 4253 764 4322 tabellarios]
818 4253 1223 4318 ‚‚Briefboten“.
1263 4283 1329 4291 —
1368 4252 1545 4306 brevis
1582 4251 1931 4320 exspectatio]
1983 4251 2108 4316 „ich
2143 4252 2277 4303 habe
2317 4251 2455 4318 jetzt
2499 4250 2647 4302 nicht

199 4340 334 4392 mehr
368 4342 498 4408 lang
535 4342 629 4394 auf
661 4343 774 4395 eine
812 4341 1207 4408 Entscheidung
1244 4358 1307 4392 zu
1345 4341 1603 4393 warten“.
1642 4370 1708 4377 —
1748 4340 1829 4406 d]
1871 4363 1933 4381 =
1975 4339 2192 4404 dabam,
2235 4338 2565 4405 „gegeben“.
