3146 4826
924 390 1183 444 Ciceronis
1220 392 1476 460 epistulae
1514 392 1735 446 selectae
1771 392 1934 446 XLII.
2557 392 2659 452 165

1020 551 1202 615 XLII
1248 555 1345 628 (ad
1377 557 1510 615 fam.
1545 559 1674 628 VII,
1707 559 1835 632 30).

600 657 710 710 Ser.
748 656 945 710 Romae
980 657 1195 710 ineunte
1232 674 1408 710 mense
1446 658 1688 710 Ianuario
1725 674 1771 711 a.
1811 675 1861 710 u.
1903 674 1946 710 c.
1988 659 2092 711 710
2128 660 2255 723 (44).

916 746 1283 822 CICERO
1341 747 1654 823 CURIO
1712 746 1785 822 S.
1842 750 1934 822 D.

374 871 509 951 Ego
556 889 706 934 vero
754 872 883 933 iam
931 873 994 934 te
1040 889 1158 935 nec
1201 871 1420 935 hortor
1465 890 1584 935 nec
1613 873 1873 961 rogonut
1905 871 2167 936 domum
2197 871 2452 944 redeas;
2503 873 2704 952 quini

189 977 344 1040 hinc
389 977 523 1058 ipse
574 976 822 1042 evolare
872 977 1052 1059 cupio
1101 980 1167 1041 et
1214 977 1425 1058 aliquo
1470 978 1817 1061 pervenire,
1863 978 2015 1054 „ubi
2062 996 2178 1041 nec
2207 976 2655 1060 Pelopidarum

187 1101 427 1148 nomen
485 1101 606 1146 nec
664 1082 836 1147 facta
897 1082 1154 1147 audiam
1169 1090 1220 1146 “.
1310 1083 1687 1148 Incredibile
1749 1087 1878 1161 est,
1941 1102 2136 1165 quam
2181 1084 2454 1166 turpiter
2499 1084 2657 1147 mihi

187 1188 402 1253 facere
449 1189 694 1266 videar,
758 1191 868 1271 qui
925 1190 1026 1252 his
1071 1191 1262 1254 rebus
1309 1190 1618 1254 intersim.
1709 1189 1807 1253 Ne
1854 1192 1929 1253 tu
1975 1190 2209 1254 videris
2255 1192 2460 1254 multo
2508 1193 2655 1253 ante

186 1296 575 1379 providisse,
638 1296 790 1376 quid
834 1295 1260 1379 impenderet,
1308 1297 1479 1372 tum,
1548 1315 1695 1360 cum
1762 1295 1911 1359 hinc
1956 1295 2312 1378 profugisti.
2419 1294 2657 1374 Quam-

188 1420 393 1484 quam
451 1403 610 1466 haec
671 1404 865 1466 etiam
927 1403 1152 1467 auditu
1210 1403 1435 1466 acerba
1494 1404 1677 1479 sunt,
1733 1405 1951 1466 tamen
1999 1402 2216 1466 audire
2264 1402 2656 1466 tolerabilius

187 1512 294 1573 est
342 1528 538 1590 quam
584 1509 814 1573 videre.
2120 1575 2123 1578 ,

373 1616 452 1679 In
501 1634 724 1698 campo
774 1618 946 1679 certe
992 1634 1120 1679 non
1167 1615 1378 1707 fuisti,
1426 1635 1573 1681 cum
1620 1616 1776 1678 hora
1824 1613 2101 1679 secunda
2146 1614 2416 1677 comitiis
2467 1632 2657 1694 quae-

191 1723 414 1786 storiis
475 1721 789 1786 institutis
851 1721 1009 1785 sella
1068 1720 1140 1800 Q.
1187 1722 1524 1799 Maximi,
1588 1740 1804 1803 quem
1863 1720 1985 1784 illi
2045 1721 2432 1784 consulem
2492 1738 2656 1783 esse

187 1829 579 1905 dicebant,
641 1829 850 1912 posita
906 1830 1102 1904 esset,
1166 1847 1288 1909 quo
1349 1830 1601 1893 mortuo
1660 1828 1953 1892 nuntiato
2011 1827 2168 1890 sella
2227 1826 2478 1890 sublata
2540 1831 2654 1889 est.

183 1935 339 1998 Ille
391 1935 635 2011 autem,
686 1935 808 2015 qui
860 1935 1192 1998 comitiis
1240 1935 1560 1998 tributis
1609 1936 1814 1998 esset
1861 1933 2334 2015 auspicatuS,
2393 1935 2656 1996 centu-

184 2042 398 2104 riata
442 2041 746 2114 habuit3
808 2041 1135 2104 consulem
1181 2041 1337 2104 hora
1384 2041 1658 2123 septima
1702 2039 2118 2116 renuntiavit,
2167 2038 2276 2119 qui
2324 2056 2525 2118 usque
2576 2040 2655 2103 ad

185 2147 524 2211 Kalendas
555 2147 690 2210 Ian.
725 2149 912 2224 esset,
960 2165 1123 2228 quae
1159 2150 1342 2211 erant
1373 2147 1628 2211 futurae
1659 2164 1848 2210 mane
1880 2145 2216 2228 postridie:
2264 2144 2358 2208 ita
2391 2143 2654 2209 Caninio
2710 2159 2717 2162 “

187 2254 454 2318 consule
515 2254 672 2317 scito
729 2254 1049 2317 neminem
1104 2254 1452 2336 prandisse.
1545 2252 1722 2316 Nihil
1780 2254 1997 2315 tamen
2053 2269 2125 2315 eo
2185 2251 2441 2315 consule
2501 2252 2656 2314 mali

186 2360 440 2425 factum
489 2361 621 2434 est3
683 2359 808 2423 fuit
854 2360 1022 2424 enim
1069 2360 1335 2425 mirifica
1380 2359 1743 2442 vigilantia,
1806 2359 1913 2440 qui
1973 2376 2087 2423 suo
2136 2360 2271 2422 toto
2320 2358 2655 2422 consulatu

189 2486 496 2531 somnum
554 2486 681 2530 non
740 2467 987 2531 viderit.
1086 2467 1262 2532 Haec
1320 2467 1437 2531 tibi
1497 2466 1765 2530 ridicula
1824 2465 2120 2531 videntur
2169 2503 2252 2510 —-
2299 2483 2425 2528 non
2487 2465 2655 2529 enim
2680 2482 2706 2522 2

189 2573 346 2637 ades
393 2596 515 2647 —;
567 2592 730 2654 quae
780 2574 834 2636 si
880 2573 1142 2650 videres,
1189 2573 1483 2637 lacrimas
1515 2592 1644 2636 non
1677 2574 1944 2636 teneres.
2022 2570 2242 2650 Quid,
2290 2572 2353 2634 si
2400 2573 2656 2635 cetera

189 2681 568 2744 scribam?
620 2679 814 2743 Sunt
861 2681 1056 2743 enim
1101 2680 1690 2744 innumerabilia
1737 2679 2034 2760 generis
2082 2678 2443 2753 eiusdem,
2493 2695 2655 2757 quae

190 2787 458 2868 quidem
506 2805 621 2868 ego
660 2805 783 2850 non
818 2785 1066 2862 ferrem,
1112 2787 1234 2849 nisi
1265 2805 1366 2850 me
1399 2787 1465 2848 in
1495 2786 1926 2868 philosophiae
1957 2786 2214 2867 portum
2245 2784 2655 2848 contulissem

188 2895 259 2956 et
326 2893 455 2956 nisi
524 2893 829 2956 haberem
899 2893 1139 2956 socium
1209 2892 1567 2956 studiorum
1635 2910 1926 2955 meorum
1983 2891 2270 2954 Atticum
2330 2891 2654 2963 nostrum3

346 3082 389 3121 ι.
428 3069 558 3136 Eyo
592 3068 735 3135 vero]
773 3069 889 3122 Wie
925 3069 1080 3138 epist.
1112 3067 1410 3135 XXXVIII,
1450 3070 1478 3120 1
1520 3084 1587 3120 an
1625 3068 1708 3120 ein
1746 3066 2023 3119 Schreiben
2062 3067 2152 3119 des
2188 3065 2530 3135 Empfangers
2568 3082 2656 3118 an-

186 3157 477 3226 knupfond.
519 3187 587 3194 —
624 3157 723 3210 ubi
769 3172 869 3211 nec
907 3156 1306 3226 Pelopidarum
1354 3156 1586 3209 ‘nomina
1630 3171 1730 3209 nec
1775 3154 1932 3219 facta
1968 3154 2219 3221 audiam]
2258 3154 2339 3206 ein
2378 3152 2525 3208 Citat
2561 3171 2656 3208 aus

188 3246 362 3298 einem
390 3245 539 3297 alten
567 3243 818 3312 Tragiker
846 3245 946 3297 mit
975 3234 1347 3312 Ubertragung
1374 3244 1467 3296 auf
1490 3242 1573 3295 die
1593 3241 1914 3297 Casarianer.
1948 3273 2015 3281 —
2045 3241 2132 3295 Ne
2160 3240 2245 3309 tu]
2274 3241 2656 3310 Beteuerungs-

187 3332 439 3402 partikel.
481 3362 551 3371 —
589 3333 751 3400 certe]
792 3334 1200 3400 „wenigstens“.
1240 3360 1307 3371 —-
1345 3333 1481 3386 sella
1520 3333 1643 3399 etc]
1670 3331 1787 3383 Fiir
1829 3332 1928 3384 den
1966 3330 2366 3385 wahlleitenden
2402 3331 2654 3385 Beamten

190 3421 373 3473 wurde
425 3420 521 3473 der
568 3420 889 3474 Amtssessel
939 3437 1004 3474 an
1055 3421 1171 3474 dem
1221 3419 1324 3474 Ort
1372 3421 1465 3473 der
1513 3419 1916 3486 Versammlung
1964 3420 2284 3487 aufgestellt.
2357 3418 2465 3471 Ver
2507 3418 2656 3486 jeder

186 3509 602 3575 Versammlung
617 3551 629 3574 ‚
676 3510 848 3576 gleich
885 3510 1018 3562 nach
1055 3509 1433 3575 Mitternacht,
1487 3525 1658 3561 waren
1695 3507 1777 3560 die
1814 3508 2096 3578 Auspizien
2144 3508 2481 3561 anzustellen.
2556 3507 2656 3560 Die

191 3598 495 3661 Quastoren
535 3613 705 3650 waren
746 3598 799 3651 in
837 3597 937 3650 den
973 3596 1412 3650 Tribuikomitien
1451 3614 1515 3649 zu
1552 3596 1769 3649 wahlen.
1844 3595 1950 3649 Fiir
1990 3596 2130 3648 diese
2170 3613 2337 3649 waren
2372 3595 2487 3648 hier
2522 3595 2656 3648 auch

188 3685 492 3752 regelrecht
527 3683 807 3754 Auspizien
848 3685 1162 3753 angestellt,
1202 3685 1349 3737 nicht
1384 3685 1509 3737 aber
1543 3683 1629 3737 fiir
1666 3683 1749 3736 die
1786 3683 2335 3750 Centuriatkomitien,
2376 3683 2459 3736 die
2495 3682 2657 3736 Casar

188 3774 327 3839 (Ille
362 3773 571 3839 autem)
603 3772 743 3841 jetzt
779 3773 872 3825 auf
904 3772 987 3826 die
1024 3773 1316 3826 Nachricht
1351 3790 1449 3826 von
1487 3773 1605 3826 dem
1641 3772 1781 3825 Tode
1818 3772 1908 3825 des
1945 3771 2176 3824 Konsuls
2214 3771 2378 3825 sofort
2415 3789 2478 3824 zu
2515 3771 2658 3824 einer

191 3862 527 3915 Scheinwahl
575 3861 658 3914 fiir
708 3862 791 3914 ein
844 3878 972 3931 paar
1007 3861 1244 3914 Stunden
1283 3861 1397 3927 (der
1432 3861 1632 3914 Vorsall
1682 3861 1943 3927 ereignete
1994 3860 2103 3912 sich
2155 3877 2239 3912 am
2283 3860 2479 3912 letzten
2516 3859 2657 3927 Tage

190 3951 287 4003 des
319 3950 511 4004 Jahres
547 3950 635 4015 45,
672 3968 723 4004 u.
763 3966 847 4002 am
886 3952 934 4003 1.
963 3950 1164 4002 Januar
1200 3949 1269 4003 44
1308 3952 1483 4002 traten
1522 3948 1685 4003 Casar
1721 3949 1831 4002 und
1863 3948 1936 4001 M.
1975 3947 2237 4001 Antonius
2275 3946 2369 4000 das
2395 3947 2658 4001 Konsulat

189 4040 283 4103 an)
336 4038 538 4091 abhalt.
612 4037 711 4089 Die
762 4038 855 4089 auf
899 4037 1039 4090 diese
1074 4036 1249 4091 Weise
1300 4037 1552 4090 zustande
1601 4037 1933 4104 gekommene
1970 4036 2127 4089 Wahl
2174 4036 2265 4089 des
2311 4034 2367 4090 C.
2406 4035 2656 4089 Caninius

189 4125 416 4179 Rebilus
453 4126 608 4178 hatte
644 4143 745 4179 nur
790 4126 874 4178 die
910 4125 1224 4192 Bedeutung
1270 4126 1413 4178 einer
1447 4125 1901 4193 Rangerhiihung,
1952 4124 2117 4177 durch
2154 4124 2236 4177 die
2273 4123 2435 4178 Casar
2472 4124 2656 4177 dessen

191 4214 597 4281 Kriegsdienste
634 4215 698 4279 (z.
737 4213 799 4266 B.
840 4211 957 4267 Cas.
994 4213 1045 4266 b.
1086 4211 1222 4267 Gall.
1264 4215 1312 4279 7,
1351 4213 1436 4267 83.
1476 4214 1567 4277 90)
1603 4213 1865 4266 belohnte.
1940 4213 2011 4266 Es
2062 4229 2168 4265 war
2202 4212 2492 4277 natiirlich‚
2541 4212 2656 4265 dass

188 4319 333 4368 man,
374 4318 433 4355 so
469 4300 605 4354 auch
642 4300 820 4355 Cicero
855 4302 927 4354 im
964 4301 1255 4369 folgenden,
1292 4302 1421 4354 iiber
1457 4301 1598 4354 diese
1634 4301 1883 4355 Komodie
1921 4304 2168 4370 spottete.

346 4402 391 4444 2.
434 4389 603 4458 Quid,
641 4390 691 4444 si
728 4396 904 4444 cetera
940 4391 1196 4458 scribam]
1226 4390 1567 4458 Steigerung:
1608 4389 1768 4455 „Was
1804 4390 2036 4443 wiirdest
2072 4389 2143 4442 du
2180 4391 2306 4443 aber
2339 4392 2453 4442 erst
2480 4405 2655 4455 sagen,
