3146 4826
902 275 1163 331 Ciceronis
1199 276 1456 346 epistulae
1493 277 1715 330 selectae
1751 276 1942 331 XXVI.
2549 276 2649 335 117

215 437 476 518 Illyri00‚
535 437 600 501 in
658 436 963 503 Cassiano
1026 437 1315 519 negotio,
1380 438 1445 501 in
1509 438 1649 521 ipsa
1710 437 2144 515 Alexandrea,
2205 439 2271 502 in
2336 438 2519 514 urbe,
2583 439 2649 503 in

212 544 421 607 Italia:
478 563 592 625 ego
646 563 821 620 vero,
885 545 1080 609 etiam
1139 545 1191 608 si
1247 543 1568 609 rediturus
1624 544 1731 608 ille
1788 547 1912 621 est,
1980 544 2089 625 qui
2145 545 2353 609 adhuc
2407 546 2649 610 bellum

213 667 418 728 gerere
460 650 712 727 dicitur,
768 652 987 714 tamen
1044 652 1192 713 ante
1247 650 1527 714 reditum
1583 650 1718 714 eius
1774 650 2102 732 negotium
2157 650 2514 715 confectum
2570 652 2648 715 iri

210 758 375 837 puto.
457 755 638 833 Quod
685 759 905 820 autem
947 755 1174 820 scribis
1225 755 1547 837 quandam
1593 756 1909 820 laetitiam
1939 757 2249 820 bonorum
2296 775 2434 821 esse
2481 776 2648 822 com-
2671 776 2697 818 2

211 862 451 938 motam,
494 864 569 925 ut
616 863 701 925 sit
748 862 1043 926 auditum
1090 863 1166 926 de
1212 863 1473 939 litteris,
1519 865 1595 926 tu
1644 862 1902 944 quidem
1955 862 2116 926 nihil
2168 864 2647 945 praetermittiS,

211 968 268 1030 in
314 986 431 1048 quo
472 971 662 1051 putes
711 968 953 1049 aliquid
988 969 1202 1034 solacii
1250 987 1407 1046 esse,
1455 968 1567 1033 sed
1615 987 1731 1050 ego
1775 987 1901 1034 non
1933 968 2210 1033 adducor
2258 987 2647 1051 quemquam

210 1074 429 1137 bonum
471 1076 672 1140 ullam
720 1075 997 1140 salutem
1049 1078 1277 1159 putare
1331 1075 1489 1139 mihi
1545 1076 1713 1140 tanti
1766 1074 1989 1153 fuisse,
2044 1078 2120 1141 ut
2175 1094 2317 1141 eam
2362 1079 2647 1160 peterem

211 1181 280 1243 ab
321 1181 447 1257 illo,
501 1184 567 1246 et
615 1200 688 1246 eo
734 1182 975 1259 minuS,
1033 1182 1200 1264 quod
1245 1183 1438 1247 huius
1495 1182 1740 1247 consilii
1794 1183 1925 1247 iam
1968 1201 2050 1247 ne
2098 1183 2341 1248 socium
2388 1183 2647 1265 quidem

208 1286 396 1350 habeo
447 1306 855 1370 quemquam.
957 1287 1080 1367 Qui
1135 1290 1200 1352 in
1255 1289 1409 1353 Asia
1464 1291 1619 1353 sunt
1679 1307 1896 1353 rerum
1950 1289 2191 1354 exitum
2247 1292 2645 1373 exspectant3

207 1393 448 1458 Achaici
493 1395 689 1459 etiam
722 1395 899 1459 Fufio
947 1414 1127 1478 spem
1159 1395 1617 1479 deprecationis
1666 1394 1981 1459 auferunt.
2049 1394 2297 1460 Horum
2345 1397 2411 1460 et
2455 1396 2647 1460 timor

207 1498 363 1563 idem
412 1500 534 1564 fuit
597 1501 827 1583 primo,
893 1502 1003 1583 qui
1067 1520 1276 1578 meus,
1341 1503 1406 1565 et
1470 1500 1920 1575 constitutum3
1985 1519 2165 1565 mora
2218 1501 2646 1566 Alexandrina

210 1623 450 1670 causam
494 1607 755 1672 illorum
799 1608 1085 1684 correxit,
1131 1626 1343 1672 meam
1390 1607 1636 1671 evertit.
1715 1605 1924 1685 Quam
1971 1607 2050 1672 ob
2097 1625 2233 1671 rem
2279 1607 2448 1671 idem
2496 1626 2533 1672 a
2579 1611 2643 1672 te
2669 1627 2694 1666 3

210 1730 365 1776 nunc
407 1715 568 1795 peto,
618 1713 784 1795 quod
818 1714 1248 1798 superioribus
1295 1713 1547 1790 litteris,
1594 1716 1688 1791 ut,
1735 1714 1788 1777 si
1837 1712 1985 1795 quid
2035 1713 2102 1777 in
2141 1713 2406 1797 perditis
2453 1715 2644 1778 rebus

209 1978 316 2033 dort
361 1981 791 2050 zuriickgelassen
806 2023 819 2048 ‚
872 1980 1039 2034 durch
1073 1980 1470 2034 Unredlichkeit
1519 1980 1633 2033 eine
1680 1979 1982 2051 Empiirung
2028 1979 2428 2048 hervorgerufen
2475 1979 2644 2044 hatte,

210 2067 282 2120 die
315 2072 427 2122 erst
461 2070 627 2123 durch
665 2070 807 2123 seine
844 2069 1188 2137 Abberufung
1222 2070 1293 2122 im
1331 2068 1534 2123 Herbst
1568 2069 1639 2122 47
1678 2068 2080 2137 beschwichtigt
2128 2068 2318 2122 wurde.
2392 2066 2455 2121 In
2493 2067 2646 2121 Ale·

208 2158 437 2211 xandri
452 2176 506 2225 a,
554 2176 632 2212 wo
670 2158 833 2213 Casar
879 2159 954 2212 im
991 2156 1225 2212 Oktober
1260 2159 1330 2213 48
1380 2158 1692 2227 eingezogen
1731 2174 1864 2226 war,
1914 2174 2019 2211 war
2056 2174 2113 2211 er
2159 2158 2213 2211 in
2250 2157 2364 2210 eine
2403 2155 2524 2209 sehr
2558 2172 2643 2224 ge·

208 2244 442 2300 fahrliche
476 2248 616 2316 Lage
651 2250 870 2316 geraten
908 2247 1017 2301 und
1053 2250 1166 2301 erst
1202 2247 1366 2302 durch
1403 2247 1487 2301 die
1522 2247 1667 2301 Hilfe
1703 2247 1795 2301 des
1831 2246 2184 2301 Mithradates
2221 2262 2319 2299 von
2356 2244 2646 2312 Pergamon

208 2334 268 2386 im
301 2335 442 2389 Marz
476 2337 546 2390 47
583 2337 770 2404 (daher
808 2341 968 2390 unten
1007 2354 1163 2391 mora
1191 2337 1607 2402 Alexandr-ivm)
1643 2337 1834 2391 daraus
1869 2336 2058 2390 befreit
2096 2335 2315 2389 worden.
2390 2333 2453 2387 In
2489 2332 2646 2387 Rom

210 2441 302 2477 war
335 2426 497 2480 Casar
534 2443 670 2480 zwar
706 2443 824 2480 zum
860 2427 1109 2481 Diktator
1144 2431 1386 2493 ernannt‚
1425 2427 1551 2480 aber
1586 2427 1660 2480 M.
1699 2426 2068 2492 Antonius,
2119 2425 2212 2479 der
2258 2424 2339 2478 bis
2378 2441 2437 2477 zu
2478 2423 2648 2478 seiner

207 2511 469 2568 Rfickkehr
504 2515 585 2570 als
612 2515 870 2584 Magister
906 2516 1143 2585 equitum
1180 2516 1419 2584 regierte,
1457 2516 1611 2569 hatte
1646 2515 1820 2584 grosse
1845 2507 2302 2583 Schwierigkeiten
2338 2514 2438 2567 mit
2463 2512 2648 2566 Volks-

208 2602 454 2670 tribunen,
493 2604 577 2658 die
606 2604 769 2658 durch
799 2605 1263 2660 kommunistische
1292 2603 1511 2660 Gesetze
1547 2606 1692 2658 ihrer
1718 2604 1979 2659 Schulden
2015 2604 2159 2672 ledig
2184 2602 2390 2657 werden
2418 2603 2646 2656 wollten.

205 2689 256 2743 In
299 2693 573 2747 Italien
622 2698 883 2748 menterte
931 2696 1015 2748 ein
1064 2695 1177 2749 Teil
1226 2695 1396 2748 seiner
1442 2694 1586 2748 alten
1632 2694 1876 2764 Truppen
1927 2693 2035 2747 und
2082 2692 2325 2760 weigerte
2374 2691 2510 2756 sich,
2559 2690 2653 2743 auf

204 2779 563 2852 Belohnungen
604 2783 847 2850 harrend‚
887 2783 998 2838 sich
1034 2784 1168 2837 nach
1205 2783 1414 2837 Sicilien
1451 2783 1754 2837 einschiffen
1803 2800 1864 2836 zu
1903 2784 2093 2837 lassen.
2166 2780 2256 2834 All
2292 2780 2403 2832 (1166
2439 2777 2648 2831 machte

205 2868 275 2923 die
308 2871 448 2939 Lage
485 2870 708 2936 Ciceros,
747 2871 840 2924 der
877 2871 986 2925 sich
1026 2872 1279 2926 zwischen
1317 2872 1441 2925 zwei
1478 2871 1665 2925 Stnhle
1699 2873 1906 2940 gesetzt
1941 2870 2093 2923 hatte
2108 2912 2121 2935 ‚
2172 2867 2305 2922 noch
2342 2867 2647 2936 unerquick-

203 2957 365 3014 licher.
441 2960 514 3013 Er
550 2960 782 3028 glaubte,
822 2960 938 3013 dass
975 2977 1067 3014 vor
1093 2961 1185 3014 der
1210 2960 1491 3014 Biickkehr
1517 2960 1707 3015 Casars
1744 2976 1838 3013 aus
1876 2959 1993 3012 dem
2038 2955 2204 3012 Osten
2240 2957 2335 3010 das
2370 2955 2646 3024 gewaltige

201 3045 355 3115 Eser,
409 3049 505 3102 das
554 3048 637 3102 die
673 3048 1015 3119 Pompejaner
1061 3048 1167 3103 und
1215 3049 1606 3119 Republikaner
1654 3049 1709 3101 in
1746 3047 1928 3101 Afrika
1973 3046 2286 3120 gesammelt
2334 3045 2523 3129 hatten
2540 3086 2552 3110 ,
2592 3045 2646 3097 in

201 3133 382 3191 Italion
439 3138 626 3192 stehen
665 3138 773 3191 und
810 3138 978 3191 damit
1032 3138 1125 3191 der
1172 3137 1335 3206 Krieg
1390 3138 1729 3191 entschieden
1784 3138 1893 3191 sein
1946 3136 2114 3190 werde
2168 3127 2466 3204 (negotium
2519 3149 2645 3189 ccm-

199 3222 396 3285 fectum
432 3227 549 3295 iri).

333 3328 382 3369 2.
440 3316 508 3369 de
556 3315 779 3384 litteris]
832 3316 924 3369 der
979 3317 1051 3369 im
1100 3315 1342 3385 Eingang
1398 3320 1665 3385 genannte
1726 3315 2028 3383 angebliche
2077 3314 2225 3367 Brief
2275 3312 2463 3367 Casars
2521 3312 2649 3365 tiber

200 3399 395 3457 Ciceros
429 3403 831 3472 Begnadigung.
904 3403 1109 3458 Ebenso
1147 3404 1179 3470 ξ
1216 3404 1252 3457 4
1304 3403 1369 3458 de
1420 3404 1507 3459 his
1557 3404 1782 3470 litteris,
1829 3404 1969 3458 istae
2018 3402 2249 3457 litterae.
2290 3430 2355 3439 —
2394 3399 2648 3455 adducor

183 3498 513 3562 'qumquam
548 3492 749 3547 bonwm
780 3492 1013 3560 putare]
1068 3493 1131 3546 In
1178 3492 1271 3546 der
1315 3496 1645 3562 pragnanten
1680 3491 1993 3560 Bedeutung
2043 3533 2074 3557 ‚‚
2090 3491 2174 3544 ich
2210 3490 2347 3543 lasse
2396 3488 2533 3542 mich
2582 3506 2646 3541 zu

200 3577 305 3633 dem
352 3579 594 3634 Glauben
643 3581 929 3648 bewegen“
984 3581 1131 3635 steht
1177 3582 1312 3635 nach
1360 3581 1618 3636 adducor
1662 3581 1755 3634 der
1800 3580 1921 3635 Acc.
1959 3597 2001 3634 c.
2041 3579 2140 3633 Inf.
2156 3621 2169 3644 ,
2225 3595 2367 3631 wenn
2416 3576 2508 3630 der
2551 3576 2648 3631 Be-

198 3668 314 3732 griff
345 3669 438 3723 des
477 3667 746 3724 Glaubens
760 3711 773 3735 ‚
810 3674 876 3724 ut
911 3668 1143 3737 dagegen
1159 3712 1172 3734 ‚
1210 3686 1358 3723 wenn
1396 3669 1488 3722 der
1525 3670 1618 3723 (166
1654 3668 1936 3737 Bewegens
1972 3665 2322 3721 vorherrscht.
2362 3694 2427 3703 —-
2481 3664 2648 3719 huius

198 3759 431 3825 concilii]
469 3759 526 3812 in
563 3758 680 3811 dem
717 3757 1043 3825 Entschluss,
1081 3757 1243 3813 Casar
1277 3775 1367 3812 um
1395 3756 1579 3813 Gnade
1616 3775 1679 3811 zu
1716 3758 1907 3812 bitten.
1971 3756 2085 3810 Aus
2116 3754 2291 3823 jenem
2317 3752 2466 3807 Brief
2494 3753 2648 3807 hatte

197 3860 307 3900 man
342 3848 678 3915 geschlossen
692 3889 705 3912 ,
755 3846 872 3901 dass
907 3847 1012 3902 Cic.
1052 3846 1164 3901 dies
1198 3847 1395 3915 gethan
1431 3847 1583 3900 habe.
1623 3876 1690 3886 —
1732 3844 1844 3914 Qui
1879 3847 1941 3899 in
1976 3845 2121 3899 Asia
2156 3843 2281 3910 etc.]
2318 3842 2527 3897 enthfflt
2564 3842 2648 3896 die

199 3932 558 4002 begrfindendo
585 3935 931 4004 Ausffihrung
957 3936 1049 3989 (166
1078 3934 1404 4001 Gedankens,
1442 3935 1559 3989 dass
1595 3935 1678 3988 bis
1702 3934 1841 4003 jetzt
1866 3933 2108 3988 niemand
2137 3932 2220 3986 die
2249 3930 2430 3988 Gnade
2458 3930 2648 3986 Casars

198 4026 469 4090 angerufen
499 4025 635 4079 habe
662 4023 1037 4093 (deprecatio).
1070 4055 1138 4063 —-
1161 4024 1232 4093 Q.
1248 4024 1450 4090 Fufius
1478 4022 1737 4090 Galenus]
1777 4023 1870 4076 der
1898 4022 2031 4077 nach
2058 4022 2342 4075 Pharsalus
2372 4019 2647 4075 Griechen-

199 4109 310 4166 land
346 4116 585 4168 besetzte
622 4113 730 4167 und
767 4113 1007 4167 sicherte.
1058 4144 1124 4152 —
1174 4112 1561 4180 constitutum]
1610 4128 1680 4165 sc.
1718 4111 1866 4166 idem
1900 4109 2016 4175 fuit
2051 4110 2199 4179 quod
2233 4125 2437 4164 meum:
2479 4107 2650 4176 „Ent-

199 4200 416 4271 schlnss,
456 4201 715 4257 Politik“.
767 4232 837 4241 —
888 4202 1127 4257 correxit
1164 4243 1176 4255 .
1199 4243 1211 4256 .
1235 4242 1247 4254 .
1285 4201 1503 4269 evertit]
1552 4200 1652 4254 Die
1688 4200 1894 4254 Achaer
1928 4200 2098 4253 haben
2139 4199 2277 4267 jetzt
2313 4198 2435 4252 freis
2472 4196 2647 4270 Hand,

202 4286 292 4345 Cic.
329 4293 457 4346 aber
493 4290 662 4346 durch
698 4291 838 4345 seins
874 4290 1154 4345 Riickkehr
1190 4291 1323 4345 nach
1359 4289 1703 4353 Brundisium
1739 4289 1888 4343 nicht
1923 4289 2086 4343 mehr.
