3146 4826
403 371 409 375 -
436 329 502 386 14
1195 328 1456 384 Ciceronis
1491 328 1748 397 epistulae
1786 327 2007 380 selectae
2041 326 2111 380 Π.

435 507 594 570 quas
642 508 790 553 eum
851 488 991 552 dolo
1053 489 1222 552 malo
1282 488 1598 570 mancipio
1662 487 1976 569 accepisse
2040 486 2116 549 de
2166 486 2358 549 Vario
2420 486 2690 560 diceret;
2754 506 2886 550 una

435 596 708 677 agebant
754 595 946 658 ceteri
993 593 1360 669 creditores,
1405 594 1472 656 in
1520 593 1749 673 quibus
1797 593 1936 655 6181,
1980 591 2050 653 L.
2096 590 2402 654 Lucullus
2452 594 2517 655 et
2561 591 2631 654 P.
2676 591 2884 675 Scipio

435 702 500 764 et
543 701 616 776 is,
665 718 857 780 quem
902 699 1219 782 putabant
1257 699 1640 779 magistrum
1670 696 1821 773 fore,
1869 697 1923 759 si
1952 697 2118 759 bona
2146 697 2450 773 venirent,
2496 697 2566 759 L.
2598 697 2884 762 Pontius.

433 805 679 869 Verum
720 806 840 869 hoc
884 805 1226 868 ridiculum
1273 808 1372 868 est
1418 804 1493 867 de
1540 804 1867 883 magistro.
1958 802 2144 865 Nunc
2191 820 2492 882 cognosce
2540 822 2709 867 rem:
2758 823 2884 867 10-

434 912 661 992 gavit
704 930 820 974 me
870 910 1317 985 0860111116,
1378 912 1467 972 ut
1514 909 1885 973 adessem
1943 909 2227 971 contra
2276 906 2685 989 Satyrum;
2749 901 2882 973 dies

434 1016 562 1079 fere
610 1017 826 1079 nullus
873 1019 972 1080 est
1018 1017 1173 1097 quin
1218 1016 1321 1079 hic
1355 1015 1626 1097 Satyrus
1675 1015 1933 1078 domum
1979 1032 2191 1077 meam
2239 1015 2540 1077 ventitet:
2590 1015 2884 1078 observat

433 1122 503 1184 L.
548 1122 905 1185 Domitium
950 1122 1253 1197 maxime,
1315 1140 1417 1184 me
1462 1121 1659 1185 habet
1718 1120 2108 1202 proximum;
2169 1118 2291 1182 fuit
2353 1122 2417 1182 61
2477 1120 2635 1183 mihi
2696 1123 2762 1184 et
2809 1119 2883 1198 Q.

434 1227 616 1290 fratri
661 1246 891 1308 magno
937 1228 1083 1291 usui
1127 1228 1194 1290 in
1239 1228 1474 1290 nostris
1520 1227 1952 1309 petitionibus.
2047 1225 2210 1289 Sane
2266 1244 2410 1289 sum
2471 1228 2884 1308 perturbatus

436 1352 581 1396 cum
626 1334 826 1415 ipsius
876 1332 1092 1415 Satyri
1137 1333 1588 1409 familiaritate,
1633 1334 1776 1395 tum
1820 1331 2105 1406 Domitii,
2150 1331 2215 1393 in
2264 1349 2388 1411 quo
2437 1350 2562 1394 uno
2607 1334 2885 1397 maxime

436 1439 694 1503 ambitio
741 1441 961 1503 nostra
1005 1439 1253 1502 nititur.
1330 1438 1777 1503 Demonstravi
1822 1438 1981 1500 haec
2022 1435 2326 1509 Caecilio;
2376 1437 2563 1499 simul
2614 1440 2679 1501 et
2723 1438 2882 1501 illud

436 1545 699 1621 ostendi,
748 1546 801 1608 si
845 1546 978 1627 ipse
1026 1564 1193 1608 unus
1241 1562 1388 1608 cum
1433 1545 1540 1608 illo
1587 1562 1714 1608 uno
1764 1542 2188 1618 contenderet,
2234 1561 2337 1605 me
2385 1543 2443 1605 ei
2490 1543 2646 1605 satis
2678 1543 2886 1608 factu-

433 1670 578 1713 rum
639 1650 868 1724 fuisse3
943 1671 1114 1715 nunc
1174 1651 1240 1712 in
1303 1668 1495 1714 causa
1556 1650 1999 1713 universorum
2070 1647 2481 1723 creditorum,
2554 1649 2884 1713 hominum

433 1757 810 1837 praesertim
858 1757 1427 1838 amplissimorum,
1491 1756 1602 1834 qui
1647 1755 1780 1817 sine
1829 1773 1931 1829 60,
1994 1771 2186 1833 quem
2234 1753 2545 1817 Caecilius
2601 1772 2717 1817 suo
2771 1774 2885 1818 no-

434 1861 603 1924 mine
650 1861 1038 1942 perhiberet,
1099 1861 1282 1924 facile
1341 1878 1602 1924 causam
1663 1877 2059 1923 communem
2124 1859 2542 1935 sustinerent,
2606 1878 2885 1940 aequum

438 1984 574 2029 esse
623 1978 770 2028 eum
817 1968 882 2029 et
943 1965 1142 2029 officio
1205 1985 1345 2029 11160
1407 1966 1734 2029 000601616
1798 1966 1862 2028 et
1925 1965 2210 2045 tempori.
2301 1963 2538 2027 Durius
2603 1966 2883 2047 accipere

436 2072 556 2134 hoc
601 2071 758 2133 mihi
789 2072 962 2135 visus
1010 2073 1109 2135 est
1157 2090 1351 2151 quam
1396 2072 1627 2135 vellem
1675 2072 1739 2134 et
1787 2088 1981 2150 quam
2025 2070 2313 2133 homines
2359 2070 2509 2133 belli
2550 2071 2772 2147 solent,
2821 2074 2890 2134 et

436 2177 657 2258 postea
701 2195 959 2258 prorsus
1008 2178 1085 2239 ab
1131 2177 1430 2239 instituta
1474 2178 1694 2238 nostra
1738 2193 2088 2256 paucorum
2134 2174 2380 2238 dierum
2428 2176 2885 2239 consuetudine

435 2283 620 2362 longe
667 2281 918 2362 refugit.
994 2282 1125 2344 Abs
1174 2284 1235 2344 te
1281 2284 1447 2364 pet0,
1493 2283 1569 2345 ut
1614 2281 1773 2344 mihi
1818 2282 1937 2344 hoc
1981 2281 2271 2361 ignoscas
2321 2282 2385 2342 et
2431 2299 2544 2344 me
2594 2282 2887 2345 existi-

436 2404 598 2451 mes
660 2387 1175 2451 humanitate
1240 2405 1414 2451 esse
1477 2387 2015 2469 prohibitum,
2076 2404 2155 2449 ne
2214 2387 2434 2450 contra
2480 2387 2666 2451 amici
2714 2406 2888 2451 sum-

436 2632 506 2685 L.
543 2631 842 2698 Dacullus]
890 2633 983 2685 der
1017 2633 1151 2685 auch
1187 2649 1282 2685 aus
1321 2632 1414 2685 der
1449 2632 1762 2701 Pompeiana
1797 2631 2057 2684 bekannte
2095 2630 2274 2698 Sieger
2307 2632 2378 2683 im
2416 2631 2889 2686 mithradatischen

437 2720 641 2786 Kriege.
682 2749 750 2757 —
785 2719 1132 2789 maqistrum]
1168 2719 1275 2772 Fur
1312 2719 1413 2773 den
1439 2719 1556 2772 Fau
1592 2719 1734 2772 einer
1762 2719 2157 2786 zwangsweisen
2185 2718 2595 2786 Versteigerung
2631 2719 2704 2784 (si
2742 2720 2892 2773 bona

436 2808 711 2875 venirent)
761 2807 915 2860 sollte
963 2824 1058 2861 8116
1096 2808 1188 2860 (161
1223 2807 1381 2860 Mitte
1418 2808 1510 2860 der
1547 2805 2037 2874 Gesamtglaubiger
2071 2808 2256 2871 (unten
2293 2822 2466 2860 caasa
2500 2807 2893 2861 wniversorum

439 2895 795 2960 creditorum)
840 2896 898 2949 L.
937 2895 1158 2949 Pontius
1211 2896 1290 2948 als
1337 2895 1422 2947 ihr
1455 2895 1955 2961 Bevollmachtigter
1988 2894 2267 2962 (maqister
2306 2895 2606 2961 auctionis,
2643 2895 2747 2962 vgl.
2787 2895 2891 2948 den

437 2983 828 3036 Massekurator
865 2984 987 3037 oder
1015 2984 1146 3036 auch
1175 2984 1275 3036 den
1303 2984 1550 3037 Direktor
1578 2983 1720 3036 einer
1746 2981 2296 3050 Aktiengesellschaft)
2325 2998 2418 3035 zur
2445 2981 2719 3049 Wahrung
2746 2982 2893 3035 ihrer

438 3071 637 3123 Rechte
675 3071 953 3125 austreten.
1020 3070 1196 3125 Cicero
1232 3072 1399 3124 meint
1428 3071 1633 3138 jedoch,
1673 3087 1730 3125 so
1767 3070 1890 3123 weit
1926 3070 2093 3123 werde
2129 3086 2185 3122 es
2222 3070 2370 3122 nicht
2405 3069 2643 3122 kommen
2677 3069 2890 3134 (verum

440 3161 538 3212 hoc
571 3158 878 3211 ridiculam
913 3160 1030 3224 est).
1083 3189 1150 3197 —
1203 3158 1462 3225 adessem]
1517 3158 1999 3224 ‚,Rechtsbeistand
2037 3158 2208 3210 sein“.
2258 3186 2324 3195 -—
2375 3157 2639 3223 observat]
2688 3158 2891 3223 „hoch-

441 3246 645 3311 achten,
682 3246 988 3298 verehren“.
1055 3245 1317 3313 Synonym
1353 3248 1535 3300 colere.
1577 3275 1643 3284 -—
1680 3245 1750 3298 L.
1774 3245 2061 3300 Domitius
2088 3244 2504 3312 Ahenobarbus]
2541 3245 2625 3297 ein
2663 3245 2786 3298 sehr
2822 3262 2890 3299 an

439 3333 722 3400 gesehener
757 3332 965 3386 Freund
1016 3333 1121 3385 und
1171 3333 1475 3402 politischer
1512 3331 2063 3400 Gesinnungsgenosse
2100 3331 2304 3386 Ciceros
2320 3375 2332 3398 ‚
2382 3333 2566 3386 (166660
2606 3331 2785 3386 Gunst
2832 3351 2896 3386 61·

439 3420 524 3473 fiir
551 3422 690 3473 seine
718 3420 875 3473 Wahl
901 3422 1155 3474 brauchte
1189 3422 1277 3486 (in
1313 3438 1421 3489 qao
1456 3438 1569 3474 ano
1605 3421 1838 3475 maxime
1875 3421 2104 3473 ambitio
2138 3427 2333 3475 nostra
2367 3423 2616 3490 nititm).
2677 3422 2743 3475 In
2772 3423 2890 3476 dem

357 3549 361 3553 >
441 3508 686 3561 Prozesse
721 3525 886 3576 gegen
925 3509 1051 3561 Milo
1090 3526 1263 3576 wegen
1301 3508 1633 3575 Ermordung
1668 3508 1760 3560 des
1795 3507 1854 3560 P.
1885 3507 2097 3561 Clodius
2134 3508 2297 3574 (Rede
2333 3526 2427 3577 pro
2463 3509 2678 3573 Milone)
2712 3511 2892 3563 ffihrte

441 3612 498 3648 61
534 3596 633 3648 (160
669 3595 893 3649 Vorsitz.

586 3696 634 3736 4.
671 3683 825 3750 sane]
864 3684 1085 3751 steigert
1119 3684 1193 3736 im
1219 3683 1406 3735 Verein
1444 3683 1543 3735 mit
1569 3682 1663 3735 der
1688 3683 1940 3736 betonten
1968 3683 2211 3751 Stellung
2246 3701 2341 3737 von
2380 3701 2500 3738 swm
2538 3685 2632 3738 (186
2661 3692 2892 3753 pertur-

442 3772 617 3824 batus.
657 3801 724 3809 —-
761 3772 897 3838 ano]
937 3788 1037 3824 nur
1070 3771 1432 3837 Verstarkung
1468 3770 1558 3823 des
1596 3769 1936 3839 Superlativs.
1975 3801 2041 3810 —
2070 3771 2402 3839 perhiberet]
2440 3771 2544 3826 Cic.
2584 3774 2737 3826 616Π1
2774 3774 2890 3828 (1601

442 3857 667 3911 Cacilius
703 3875 795 3911 vor
810 3900 822 3923 ‚
873 3858 1042 3911 (116661
1077 3858 1210 3910 habe
1247 3858 1394 3909 einen
1433 3858 1646 3925 eigenen
1684 3858 2029 3926 Sachwalter,
2078 3859 2177 3912 den
2214 3876 2272 3912 er
2306 3860 2388 3911 fiir
2426 3860 2535 3913 sich
2573 3861 2729 3914 8116111
2745 3905 2757 3929 ,
2807 3863 2895 3915 fiir

442 3945 524 3998 die
551 3946 875 4013 Vertretung
911 3946 1079 3998 seiner
1107 3944 1593 3999 Sonderinteressen
1630 3946 1783 3999 stelle
1820 3946 1944 4012 (sao
1977 3947 2195 4000 nomine
2229 3947 2572 4016 perhiberet),
2608 3965 2705 4016 gar
2740 3951 2892 4003 nicht

440 4034 604 4101 nbtig.
659 4034 784 4086 Man
820 4032 1212 4086 unterscheidet
1245 4033 1484 4100 folgende
1519 4033 1902 4101 Bedeutungen
1938 4051 2036 4087 von
2074 4034 2291 4088 nomine
2326 4034 2427 4086 mit
2463 4035 2630 4088 einem
2666 4037 2894 4089 attribu-

443 4122 584 4174 tiven
621 4122 868 4175 Zusatze:
907 4124 961 4185 1)
999 4123 1200 4187 ,,1101,61
1237 4120 1353 4174 (16111
1389 4122 1736 4188 Vorwande“,
1775 4140 1817 4176 z.
1846 4123 1910 4176 B.
1950 4122 2012 4175 de
2039 4122 2163 4191 imp.
2192 4121 2284 4176 Cn.
2316 4122 2493 4191 Pomp.
2525 4124 2555 4190 ξ
2584 4123 2681 4176 67:
2723 4124 2893 4189 „clas-

443 4210 579 4261 sium
627 4209 894 4272 nomine“,
947 4209 1002 4272 2)
1041 4210 1322 4276 ‚,wegen“‚
1373 4210 1430 4273 3)
1477 4210 1594 4276 ,,110
1632 4209 1894 4276 Ν8111611“,
1946 4210 2002 4273 4)
2050 4210 2186 4275 „auf
2228 4210 2546 4277 Rechnung,
2596 4213 2753 4264 unter
2801 4211 2894 4264 der

439 4295 703 4349 Rubrik“.
743 4326 811 4334 —
846 4294 1022 4363 mmo]
1062 4337 1092 4362 ‚,
1105 4312 1163 4349 so
1200 4297 1383 4362 aber“,
1420 4298 1521 4350 mit
1554 4297 2003 4364 gegensatzlicher
2028 4297 2198 4351 Kraft.
2239 4326 2307 4335 —
2343 4296 2557 4364 officio]
2594 4315 2760 4366 gegen
2790 4298 2890 4351 den
