3146 4826
479 326 554 388 66
1228 327 1489 383 Ciceronis
1525 329 1784 399 epistulae
1819 328 2041 382 selectae
2077 327 2198 382 XII.

483 489 688 554 valuit
748 509 922 555 cum
983 492 1226 555 vetus
1288 489 1691 565 amicitia,
1765 487 1965 570 'quam
2024 490 2099 552 tu
2157 507 2284 553 non
2345 489 2600 571 ignoras
2661 491 2823 555 mihi
2886 493 2956 555 et

484 594 722 675 Quinto
767 595 954 660 fiatri
998 614 1145 661 cum
1192 593 1462 661 Caesare
1507 593 1733 670 fuisse,
1793 596 1963 658 tum
2017 594 2490 659 humanitas
2540 596 2675 660 eius
2725 615 2800 661 ac
2846 598 2950 660 li·

482 703 622 767 ber
639 702 895 767 alites
942 701 1118 766 brevi
1164 702 1450 784 tempore
1497 702 1564 765 et
1610 700 1845 765 litteris
1893 701 1959 765 et
2003 698 2223 765 officiis
2268 703 2604 783 perspecta
2650 702 2836 767 nobis
2884 706 2952 767 et

485 809 753 891 cognita.
858 807 1290 873 Vehementer
1351 807 1600 872 etiam
1659 825 1793 872 res
1853 807 2035 890 ipsa
2093 806 2427 890 publica
2489 825 2602 872 me
2664 809 2953 886 movit,

485 933 649 997 quae
694 914 855 980 mihi
900 914 1234 980 videbatur
1281 914 1783 991 contentionem,
1843 913 2223 996 praesertim
2268 913 2643 978 maximis
2705 915 2950 979 rebus

485 1040 523 1085 a
570 1020 921 1088 Caesare
969 1020 1267 1103 gestis,
1313 1039 1461 1085 cum
1504 1020 1633 1084 illis
1665 1019 1817 1084 viris
1863 1020 2031 1084 nolle
2074 1019 2211 1084 fieri
2258 1021 2340 1097 et,
2386 1038 2467 1085 ne
2511 1019 2712 1096 fieret,
2761 1021 2951 1086 vehe-

482 1129 733 1193 menter
793 1145 1105 1192 recusare.
1213 1126 1718 1192 Gravissime
1789 1127 2062 1191 autem
2129 1145 2233 1191 me
2300 1126 2369 1190 in
2436 1127 2602 1191 hanc
2662 1130 2952 1193 mentem

482 1234 742 1317 impulit
802 1235 880 1298 et
938 1232 1270 1315 Pompei
1328 1232 1573 1310 fides,
1636 1251 1832 1314 quam
1893 1231 1971 1297 de
2032 1251 2135 1297 me
2191 1231 2450 1298 Caesari
2512 1232 2808 1311 dederat,
2871 1236 2955 1298 et

484 1340 778 1404 fratris
824 1340 1010 1417 mei,
1073 1357 1269 1422 quam
1312 1338 1634 1421 Pompeio.
1724 1338 1927 1403 Erant
1971 1339 2404 1422 praeterea
2457 1339 2615 1404 haec
2662 1340 2954 1405 animad-

485 1445 791 1511 vertenda
835 1445 903 1509 in
949 1444 1239 1522 civitate,
1304 1463 1467 1527 quae
1530 1445 1685 1508 sunt
1745 1444 1915 1528 apud
1958 1444 2297 1509 Platonem
2356 1447 2649 1510 nostrum
2710 1447 2954 1530 scripta

486 1551 822 1629 divinitus,
887 1552 1177 1634 quales
1222 1551 1302 1615 in
1349 1569 1429 1615 re
1478 1551 1815 1634 publica
1875 1551 2298 1634 principes
2361 1554 2669 1629 essent,
2731 1553 2954 1617 tales

484 1658 853 1740 reliquos
903 1659 1166 1723 solere
1213 1676 1393 1722 esse
1441 1658 1683 1722 cives.

664 1765 982 1830 Tenebam
1027 1765 1334 1830 memoria
1377 1765 1560 1829 nobis
1609 1764 1974 1829 consulibus
2021 1782 2097 1829 ea
2140 1763 2563 1828 fundamenta
2608 1764 2777 1829 iacta
2819 1765 2954 1829 iam

487 1891 562 1936 ex
622 1871 930 1936 Kalendis
990 1870 1311 1935 Ianuariis
1374 1870 1787 1935 confirmandi
1850 1871 2113 1935 senatus
2129 1918 2144 1946 ,
2212 1870 2289 1933 ut
2346 1871 2669 1934 neminem
2729 1871 2954 1935 mirari

488 1978 811 2060 oporteret
854 1976 1056 2041 Nonis
1101 1977 1434 2042 Decembr.
1481 1979 1738 2042 tantum
1783 1977 1885 2042 vel
1930 1976 2128 2041 animi
2172 1976 2371 2040 fuisse
2431 1978 2498 2041 in
2559 1977 2668 2041 illo
2730 1977 2953 2043 ordine

489 2083 591 2148 vel
652 2084 1072 2149 auctoritatis.
1177 2083 1487 2166 Idemque
1548 2084 1969 2148 memineram
2029 2083 2209 2147 nobis
2270 2083 2536 2166 privatis
2596 2100 2802 2165 usque
2870 2084 2955 2147 ad

489 2188 830 2255 Caesarem
877 2192 944 2254 et
988 2191 1294 2256 Bibulum
1342 2190 1665 2266 consule8‚
1729 2209 1878 2254 cum
1925 2190 2281 2255 sententiae
2328 2192 2585 2254 nostrae
2639 2208 2954 2271 magnum

488 2297 555 2359 in
602 2297 833 2360 senatu
884 2296 1133 2379 pondus
1193 2297 1533 2374 haberent,
1597 2314 1799 2360 unum
1859 2296 1989 2361 fere
2055 2314 2317 2361 sensum
2377 2295 2574 2360 fuisse
2636 2296 2954 2360 bonorum

294 2415 471 2474 (1³)10
491 2402 792 2467 omnium.
883 2402 1140 2481 Postea,
1198 2423 1345 2468 cum
1390 2405 1465 2467 tu
1510 2402 1890 2487 Hispaniam
1935 2402 2290 2467 citeriorem
2338 2422 2485 2466 cum
2530 2402 2795 2485 imperio
2844 2404 2959 2467 ob·

490 2508 727 2573 tineres
773 2527 980 2592 neque
1027 2528 1130 2575 res
1176 2510 1429 2594 publica
1477 2510 1770 2574 consules
1830 2510 2097 2574 haberet
2113 2557 2127 2584 ‚
2190 2508 2299 2573 sed
2360 2510 2746 2574 mercatores
2806 2528 2960 2592 pro·

489 2615 843 2680 vinciarum
888 2618 956 2681 et
1003 2615 1389 2680 seditionum
1436 2634 1653 2680 servos
1702 2635 1774 2680 ac
1818 2615 2143 2679 ministros
2159 2664 2174 2692 ‚
2235 2615 2383 2680 iecit
2438 2615 2699 2697 quidam
2761 2634 2960 2681 casus

489 2825 573 2878 fiir
608 2825 708 2878 den
744 2824 1031 2881 Anschluss
1067 2843 1135 2880 an
1172 2826 1334 2881 Casar
1370 2827 1490 2880 sind
1525 2826 1827 2894 eingeffihrt
1862 2826 2026 2879 durch
2063 2843 2189 2881 cum
2227 2868 2238 2878 .
2263 2867 2309 2879 ..
2349 2831 2481 2892 tum,
2520 2826 2703 2893 etiam,
2743 2833 2962 2894 autem,

479 2918 788 2982 praeterea.
826 2942 893 2952 —-
932 2915 1005 2983 et]
1041 2932 1134 2969 vor
1167 2931 1238 2970 ne
1272 2916 1423 2982 fieret
1457 2915 1556 2967 hat
1590 2913 2009 2982 gegensfitzliche
2044 2913 2216 2967 Kraft.
2265 2944 2332 2952 —
2380 2913 2684 2982 divinitus]
2720 2915 2824 2968 mit
2862 2916 2965 2969 der

491 3001 602 3055 sich
641 3002 807 3056 selbst
843 3003 1300 3058 unterordnenden
1336 3002 1579 3056 Vorliebe
1626 3001 1718 3056 des
1754 3002 1972 3056 Rbmers
2017 3002 2102 3055 fiir
2149 3002 2250 3056 den
2297 3000 2572 3057 Gebrauch
2622 3004 2715 3057 der
2762 3003 2963 3074 Super-

489 3089 651 3143 lative
677 3090 787 3143 und
816 3092 1283 3161 superlativischen
1309 3091 1617 3145 Ausdriicke
1645 3091 1728 3157 da,
1767 3106 1845 3144 wo
1882 3091 1975 3144 wir
2010 3107 2111 3144 uns
2147 3092 2248 3145 mit
2282 3091 2450 3145 einem
2488 3092 2792 3160 „geistvoll,
2830 3093 2968 3147 sehr

491 3177 686 3231 weise“
723 3179 1013 3247 begniigen.
1086 3180 1185 3233 Die
1222 3179 1385 3233 Stelle
1420 3180 1477 3234 in
1513 3179 1696 3233 Platos
1734 3178 1932 3233 Schrift
1966 3179 2096 3233 tiber
2130 3180 2214 3233 die
2252 3178 2472 3234 Gesetze
2516 3180 2706 3235 heisst:
2754 3182 2966 3254 μηδεὶς

496 3268 638 3337 ὑμᾶς
676 3270 941 3332 πειθέτω,
995 3267 1037 3320 ὦ
1075 3271 1256 3339 φίλοι,
1309 3271 1476 3335 ἄλλην
1525 3274 1738 3321 θᾶττον
1784 3273 1876 3321 καὶ
1925 3269 2062 3341 ῥᾷον
2107 3272 2469 3340 μεταβάλλειν
2507 3273 2576 3322 ἄν
2613 3288 2746 3323 ποτε
2788 3273 2967 3325 πόλιν

489 3357 585 3408 καὶ
620 3357 747 3415 τοὺς
783 3357 991 3428 νόμους
1026 3360 1059 3422 ἢ
1095 3359 1160 3430 τῇ
1198 3367 1305 3410 τῶν
1342 3358 1793 3411 δυναστευόντων
1826 3358 2110 3428 ἡγεμονίᾳ.
2161 3386 2229 3395 -—
2279 3373 2347 3411 ea
2380 3356 2755 3423 fundamenta
2798 3358 2968 3415 iacta

492 3435 865 3510 confirmandi
900 3443 1146 3512 senam]
1183 3444 1257 3497 Er
1292 3445 1401 3498 will
1437 3445 1608 3498 damit
1643 3460 1821 3513 sagon,
1858 3444 1992 3498 auch
2029 3460 2087 3497 er
2112 3444 2248 3498 habe
2274 3446 2355 3499 als
2382 3446 2585 3500 Konsul
2621 3463 2737 3501 vom
2774 3451 2966 3502 ersten

493 3531 633 3600 Tage
678 3549 744 3586 an
794 3533 896 3586 den
932 3531 1259 3588 Grundstein
1294 3534 1378 3587 fiir
1414 3534 1498 3587 die
1533 3533 1804 3603 Starlrung
1840 3533 1932 3587 des
1969 3533 2160 3588 Senats
2197 3534 2348 3588 darin
2383 3536 2630 3602 erblickt‚
2682 3536 2803 3591 dass
2840 3538 2970 3592 eine

492 3619 780 3675 Einheit
815 3622 871 3675 in
907 3622 1001 3676 der
1028 3623 1280 3690 Leitung,
1318 3622 1412 3676 der
1447 3622 1549 3676 alle
1587 3622 1814 3676 anderen
1851 3622 2015 3690 willig
2048 3623 2278 3690 folgten,
2328 3624 2467 3677 allen
2502 3624 2584 3677 als
2620 3624 2717 3678 das
2754 3624 2968 3679 Selbst-

493 3709 933 3764 verstandlichste
969 3711 1079 3766 und
1112 3711 1275 3765 Beste
1309 3710 1592 3765 erscheine.
1665 3711 1766 3764 Die
1800 3710 2096 3764 Thatsache
2110 3751 2123 3777 ,
2170 3710 2289 3764 dass
2326 3713 2463 3765 stets
2498 3711 2728 3765 einzelne
2764 3713 2967 3768 bedeu-

495 3796 652 3850 tende
687 3796 908 3852 Mamer
943 3799 1028 3853 die
1056 3799 1340 3855 Geschicke
1376 3798 1520 3852 ihrer
1544 3799 1776 3853 Mitwelt
1810 3798 2138 3865 bestimmen,
2176 3799 2306 3853 wird
2343 3800 2595 3854 bewiesen
2632 3816 2702 3854 an
2729 3799 2836 3855 Cic.
2879 3803 2970 3857 als

494 3883 697 3937 Konsul
732 3885 840 3938 und
878 3885 959 3940 als
985 3887 1326 3942 Privatmann
1363 3887 1445 3941 bis
1479 3887 1531 3942 J.
1558 3887 1630 3941 59
1667 3888 1751 3941 bei
1788 3887 1958 3941 seiner
1985 3887 2341 3956 Verbannung
2367 3888 2637 3958 (idemque
2671 3892 2908 3958 postea).

645 3978 825 4036 1003).
863 3990 986 4030 cum
1019 3976 1274 4045 imperio]
1314 3976 1437 4044 „als
1464 3976 1850 4042 Statthalter“‚
1888 3976 2075 4030 dessen
2102 3974 2309 4031 Gewalt
2342 3977 2437 4030 auf
2458 3976 2552 4031 der
2577 3967 2971 4048 Ubertregung

496 4060 593 4114 des
622 4060 904 4132 Imperium
940 4064 1149 4119 beruht.
1202 4064 1331 4118 Dies
1367 4081 1475 4118 war
1509 4065 1583 4118 im
1618 4063 1670 4119 J.
1703 4063 1791 4120 58.
1831 4092 1899 4103 —
1934 4070 2256 4121 mercatores
2282 4066 2731 4134 provinciarum]
2770 4066 2970 4123 Damit

494 4149 659 4203 meint
693 4167 752 4204 er
787 4150 871 4205 die
907 4152 1093 4208 beiden
1128 4152 1368 4207 Konsuln
1403 4152 1528 4206 Piso
1563 4152 1673 4206 und
1711 4150 1966 4207 Gabinius
1981 4194 1994 4219 ,
2032 4152 2116 4207 die
2129 4195 2142 4220 ,
2182 4153 2420 4208 iiberdies
2455 4172 2525 4210 an
2560 4153 2782 4210 Caesare
2817 4155 2969 4211 Wei-

496 4254 697 4306 sungen
731 4239 1023 4307 gebunden,
1061 4258 1161 4296 von
1197 4239 1412 4295 Clodius
1447 4241 1542 4295 das
1569 4241 1926 4311 Versprechen
1962 4241 2236 4309 erhielten,
2273 4242 2391 4296 dass
2428 4245 2504 4298 sie
2538 4244 2624 4298 fiir
2657 4244 2813 4299 ihren
2842 4246 2970 4301 Bei-

492 4326 654 4381 stand
688 4342 854 4396 gegen
891 4326 996 4383 Cic.
1032 4329 1135 4383 mit
1169 4331 1335 4396 guten
1359 4328 1645 4383 Provinzen
1682 4329 1901 4384 belohnt
1926 4330 2155 4384 wardon.
2219 4330 2342 4385 Piso
2378 4332 2569 4387 erhielt
2594 4332 2969 4402 Macedonien,
