3146 4826
967 333 1227 389 Ciceronis
1264 335 1520 404 epistulae
1557 335 1780 389 selectae
1815 335 1936 388 XII.
2608 336 2676 394 61

209 496 346 559 des
395 495 741 560 eundem
789 496 1178 561 bonorum
1209 513 1564 572 sensum,
1611 495 1901 571 Lentule,
1949 515 2181 577 quem
2211 496 2678 578 reliquisti,

210 601 320 681 qui
367 602 788 666 confirmatus
832 602 1172 666 consulatu
1210 603 1446 677 nostro,
1490 620 1975 683 nonnumquam
2007 603 2232 685 postea
2261 602 2677 686 interruptus,

207 707 508 773 adflictus
557 710 707 772 ante
759 710 821 772 te
870 708 1226 783 consulem,
1285 708 1618 772 recreatus
1664 708 1777 772 abs
1824 710 1920 785 te,
1980 709 2157 772 totus
2205 710 2306 773 est
2363 728 2535 772 nunc
2596 711 2676 773 ab

206 815 285 878 iis
303 863 317 891 ‚
368 832 406 877 a
456 814 689 895 quibus
738 814 1019 878 tuendus
1064 813 1308 890 fuerat,
1370 812 1743 886 derelictus;
1806 814 1997 896 idque
2042 833 2168 878 non
2216 815 2424 879 solum
2470 814 2676 879 fronte

206 923 404 1001 atque
455 921 643 984 vultu
659 969 674 997 ,
738 920 969 1001 quibus
1018 919 1341 983 simulatio
1402 919 1703 984 facillime
1767 919 2121 985 sustinetur
2136 969 2151 998 ‚
2213 920 2540 986 declarant
2602 922 2676 998 ei,

206 1028 319 1107 qui
366 1028 514 1090 tum
559 1028 778 1090 nostro
825 1026 934 1089 illo
981 1027 1161 1089 statu
1207 1025 1547 1109 optimates
1594 1025 2104 1102 nominabantur,
2152 1026 2264 1091 sed
2308 1026 2503 1091 etiam
2536 1045 2677 1090 sen·

204 1134 413 1197 tentia
462 1151 651 1215 saepe
698 1133 831 1196 iam
876 1132 1240 1214 tabellaque
1288 1132 1659 1197 docuerunt.
1749 1132 1783 1195 Ι
1796 1135 1826 1195 t
1841 1151 1879 1197 a
1895 1151 1937 1214 q
1951 1152 1995 1196 u
2010 1151 2044 1196 e
2106 1135 2136 1195 t
2151 1151 2186 1196 o
2199 1135 2229 1196 t
2244 1151 2282 1197 a
2341 1134 2416 1196 ia
2428 1151 2496 1196 m
2551 1151 2581 1196 s
2598 1151 2636 1195 a
2650 1168 2677 1179 -
2699 1153 2748 1193 ιε
2768 1150 2872 1205 (18)

205 1240 619 1321 pientiam
666 1239 1000 1315 civium,
1050 1239 1373 1319 qualem
1418 1257 1534 1302 me
1584 1241 1662 1303 et
1709 1257 1876 1303 esse
1924 1241 1999 1302 et
2043 1239 2438 1304 numerari
2482 1239 2678 1315 volo,

202 1349 282 1409 et
330 1346 768 1410 sententia
830 1348 908 1408 et
969 1345 1354 1410 voluntas
1416 1347 1737 1410 mutata
1798 1364 1975 1410 esse
2038 1344 2294 1409 debet.
2385 1345 2460 1409 Id
2508 1346 2678 1409 enim

203 1453 386 1517 iubet
433 1451 607 1516 idem
653 1452 760 1515 ille
807 1451 1076 1528 Plato,
1141 1469 1332 1533 quem
1392 1470 1506 1532 ego
1568 1453 1978 1517 vehementer
2041 1453 2365 1515 auctorem
2428 1469 2677 1533 sequor,

200 1560 582 1636 „tantum
629 1557 1132 1622 contendere
1179 1558 1260 1620 in
1321 1575 1401 1621 re
1464 1558 1827 1640 publica,
1891 1559 2276 1639 quantum
2335 1557 2675 1640 probare

202 1666 377 1729 tuis
444 1666 768 1729 civibus
830 1664 1192 1747 possis“:
1255 1664 1386 1727 vim
1431 1682 1637 1745 neque
1681 1664 1931 1747 parenti
1977 1682 2094 1728 nec
2137 1664 2380 1747 patriae
2429 1663 2674 1728 adferre

200 1774 519 1854 oportere.
626 1773 844 1853 Atque
905 1771 1072 1834 hane
1137 1769 1394 1852 quidem
1462 1770 1571 1834 ille
1642 1788 1901 1835 causam
1964 1770 2083 1835 sibi
2145 1771 2236 1834 ait
2294 1788 2421 1834 non
2484 1770 2678 1834 attin-

203 1877 452 1959 gendae
499 1878 594 1942 rei
640 1877 932 1960 publicae
979 1876 1208 1954 fuisse,
1273 1876 1470 1958 quod,
1519 1896 1668 1941 cum
1713 1875 2079 1942 offendisset
2122 1877 2430 1960 populum
2475 1877 2677 1940 Athe-

199 1984 496 2048 niensem
543 2002 738 2066 prope
784 1984 916 2047 iam
961 1982 1378 2065 desipientem
1426 1984 1754 2047 senectute
1815 2001 2087 2064 cumque
2152 2001 2298 2046 eum
2359 2001 2475 2048 nec
2535 2001 2677 2065 per-

201 2089 535 2154 suadendo
581 2108 716 2154 nec·
749 2088 1026 2171 cogendo
1073 2089 1207 2171 regi
1252 2107 1438 2171 posse
1497 2089 1787 2166 vidisset,
1851 2108 1996 2153 eum
2059 2088 2427 2171 persuaderi
2487 2107 2674 2171 posse

199 2195 529 2261 diffideret
545 2244 560 2273 ‚
624 2195 763 2278 cogi
822 2195 922 2260 fas
985 2214 1123 2260 esse
1184 2214 1312 2259 non
1375 2195 1814 2259 arbitraretur.
1914 2195 2061 2259 Mea
2121 2195 2286 2259 ratio
2347 2193 2471 2258 fuit
2532 2194 2673 2269 alia,

200 2302 378 2383 quod
426 2321 639 2384 neque
687 2302 1036 2385 desipiente
1084 2302 1317 2384 populo
1362 2320 1481 2365 nec
1541 2302 1793 2383 integra
1853 2320 1920 2365 re
1982 2301 2140 2364 mihi
2202 2300 2282 2364 ad
2344 2302 2675 2365 consulen-

198 2569 525 2636 Bedeutung
564 2584 774 2636 „gegen
812 2570 975 2620 etwas
1013 2567 1275 2621 stossen“.
1314 2597 1381 2605 —
1419 2564 1716 2637 reliquisti]
1758 2567 1836 2620 als
1865 2567 1936 2620 du
1962 2583 2054 2620 vor
2082 2566 2193 2619 drei
2218 2565 2253 2619 J
2254 2566 2415 2619 ahren
2442 2567 2498 2620 in
2527 2567 2674 2620 deine

198 2657 426 2710 Provinz
475 2648 678 2724 gingst.
731 2686 799 2694 —
848 2655 970 2723 qui]
1022 2656 1117 2708 wir
1165 2656 1446 2709 verbinden
1498 2655 1664 2709 durch
1717 2655 1927 2722 ,‚und“,
1987 2655 2079 2708 der
2125 2654 2369 2708 Lateiner
2413 2654 2544 2708 lasst
2592 2655 2674 2711 die

199 2745 540 2799 Nebensiitze
576 2743 952 2798 unverbunden
967 2786 980 2809 ‚
1029 2743 1146 2797 weil
1193 2744 1270 2797 sie
1318 2744 1412 2797 auf
1441 2743 1834 2797 verschiedener
1869 2742 2018 2797 Stufe
2068 2744 2268 2797 stehen.
2341 2743 2451 2796 Der
2495 2743 2673 2796 zweite

199 2834 536 2888 Relativsatz
574 2832 783 2886 bezieht
810 2832 919 2885 sich
950 2832 1043 2885 auf
1065 2832 1165 2885 den
1195 2830 1676 2886 Gesamtausdruck
1703 2831 1932 2887 eundem
1958 2833 2223 2887 bonoram
2247 2847 2482 2898 semum,
2518 2846 2674 2900 quem

200 2923 503 2992 reliquisti.
544 2952 612 2960 —-
650 2921 853 2989 quibas
887 2921 1170 2975 simulatio
1205 2921 1471 2987 facillime
1506 2921 1839 2988 sustinebar]
1885 2921 2028 2985 „mit
2063 2920 2230 2974 denen
2265 2936 2387 2974 man
2417 2921 2476 2988 ja
2510 2920 2674 2973 leicht

200 3011 465 3065 heucheln
513 3011 718 3064 kann“.
769 3040 836 3048 —
888 3008 1220 3079 tabellaque]
1270 3010 1369 3063 Die
1413 3009 1635 3063 Richter
1685 3010 1955 3063 stimmten
2005 3009 2209 3062 mittels
2253 3008 2529 3062 Tafelchen
2574 3025 2671 3061 von

201 3099 667 3154 Buchsbaumholz
705 3100 771 3151 ab
786 3140 799 3164 ,
837 3098 921 3151 die
956 3099 1058 3152 mit
1091 3097 1287 3152 Wachs
1324 3100 1616 3166 iiberzogen
1650 3115 1848 3164 waren3
1898 3098 1990 3151 auf
2022 3097 2115 3150 der
2150 3097 2300 3150 einen
2337 3096 2477 3151 Seite
2514 3097 2672 3150 stand

204 3187 571 3255 GOmdemno)
584 3226 601 3253 ,
654 3188 746 3240 auf
791 3187 885 3239 der
933 3187 1160 3240 anderen
1207 3187 1507 3255 A(bsolv0).
1594 3186 1692 3240 Ein
1744 3187 2045 3240 Buchstabe
2094 3186 2270 3239 wurde
2321 3186 2671 3253 ausgeloscht.

199 3277 305 3331 Cic.
344 3276 460 3329 will
497 3276 612 3329 also
650 3292 809 3343 sagen
830 3318 842 3341 ‚
889 3275 973 3328 die
1008 3274 1427 3343 Verminderung
1462 3275 1556 3328 der
1592 3275 1737 3329 alten
1774 3275 2251 3345 Optimatenpartei
2287 3274 2421 3327 habe
2458 3274 2569 3326 sich
2617 3276 2672 3326 in

199 3365 650 3432 Absfimmungen
686 3365 760 3417 im
795 3363 959 3418 Senat
992 3365 1088 3418 wie
1125 3381 1216 3417 vor
1253 3363 1472 3419 Gericht
1505 3365 1727 3433 gezeigt.

352 3458 542 3515 1508).
580 3457 634 3506 et
666 3453 944 3507 sententia
979 3458 1032 3506 et
1068 3452 1350 3519 volumtas]
1388 3452 1444 3505 in
1471 3453 1622 3506 ihren
1650 3453 1963 3522 politischen
1989 3440 2354 3518 [iusserungen
2382 3450 2476 3503 wie
2502 3450 2672 3503 inner-

199 3542 321 3595 lich.
366 3570 434 3579 -—
476 3539 667 3608 Plato]
716 3541 784 3595 So
821 3544 943 3609 eagt
978 3558 1036 3595 er
1070 3541 1140 3594 im
1177 3541 1370 3595 Kriton
1409 3558 1451 3595 c.
1493 3542 1590 3595 12:
1643 3552 1937 3612 πανταχοῦ
1973 3545 2255 3607 ποιητέον,
2306 3540 2341 3591 ἃ
2381 3542 2449 3591 ἄν
2484 3541 2667 3611 κελεύῃ

199 3634 232 3696 ἠ
268 3634 436 3690 πόλις
469 3634 566 3684 καὶ
601 3632 635 3695 ἡ
674 3636 901 3701 πατρίς,
951 3635 985 3696 ἢ
1020 3636 1240 3684 πείθειν
1278 3633 1461 3696 αὐτὴν,
1507 3634 1798 3698 βιάζεσθαι
1835 3632 1896 3685 δὲ
1951 3632 2053 3699 οὐχ
2100 3630 2255 3682 ὅσιον
2292 3632 2413 3680 οὔτε
2457 3631 2668 3700 μητέρα

201 3723 327 3773 οὔτε
378 3723 626 3789 πατέρα,
681 3720 824 3771 πολὺ
873 3718 936 3772 δὲ
974 3721 1185 3772 τούτων
1220 3721 1301 3772 ἔτι
1337 3715 1502 3785 ἧττον
1540 3722 1637 3785 τὴν
1673 3721 1934 3791 πατρίδα.
1986 3749 2053 3757 --
2108 3722 2269 3785 atque
2307 3758 2317 3769 .
2341 3755 2353 3768 .
2376 3756 2387 3768 .
2427 3714 2667 3784 quidem]

197 3806 555 3861 ausfiihrend:
597 3806 751 3873 „und
787 3807 981 3860 zwar“.
1047 3806 1362 3879 offendisset
1393 3807 1488 3860 wie
1523 3809 1579 3862 in
1616 3824 1730 3862 non
1765 3807 2005 3872 offendes
2040 3808 2071 3875 ξ
2109 3807 2297 3869 140⁷).
2337 3836 2403 3844 --
2442 3820 2670 3860 eausam

198 3913 315 3951 non
353 3895 717 3963 attinyendae
752 3894 914 3963 reip]
964 3895 1100 3961 „der
1135 3893 1320 3949 Grund
1371 3896 1521 3949 dafiir
1535 3938 1548 3963 ,
1600 3896 1716 3949 dass
1763 3914 1821 3949 er
1869 3896 1963 3949 der
1999 3895 2195 3949 Politik
2241 3895 2356 3949 fern
2399 3895 2669 3964 geblieben

199 3986 337 4038 sei“.
377 4014 446 4022 —
480 3982 841 4056 persuaderi]
878 4000 979 4037 von
1013 3983 1286 4051 glitlichen
1322 3984 1555 4050 Mitteln,
1598 3985 1715 4038 dem
1753 3985 1872 4054 ooyi
1906 3984 2157 4052 geradeso
2194 3983 2669 4052 entgegengestellt

198 4074 295 4126 wie
334 4079 560 4127 πείθειν
597 4072 715 4125 dem
749 4074 1041 4139 βιάζεσθαι
1073 4071 1131 4124 in
1166 4071 1261 4124 der
1295 4071 1622 4126 Platostelle.
1662 4102 1730 4112 —-
1765 4071 1941 4140 ratio]
1982 4072 2124 4139 „mit
2158 4073 2260 4125 mir
2294 4072 2453 4126 stand
2489 4088 2546 4126 es
2582 4088 2671 4124 an-

196 4161 384 4215 ders“.
460 4159 516 4213 S.
555 4176 619 4213 zu
655 4159 812 4229 epist.
849 4159 930 4225 H,
971 4160 1019 4213 1.
1067 4188 1135 4200 -—
1180 4160 1403 4229 inteyra
1436 4175 1497 4214 re
1530 4160 1672 4214 mihi
1707 4160 1806 4228 ad]
1843 4161 1940 4214 wie
1975 4161 2108 4214 oben
2143 4161 2175 4229 ὃ
2215 4160 2246 4213 'l
2266 4165 2355 4221 (ιο)
2391 4160 2670 4229 intumum

197 4250 341 4304 mihi
387 4263 732 4303 reservarem
777 4247 859 4303 de.
936 4246 1114 4302 Cicero
1149 4264 1259 4301 war
1294 4247 1375 4301 als
1409 4247 1603 4302 Romer
1638 4265 1738 4302 von
1774 4249 2081 4303 vomherein
2116 4249 2173 4302 in
2209 4249 2293 4302 die
2328 4248 2525 4302 Politik
2559 4264 2669 4301 ver-

197 4338 412 4391 vickelt
460 4336 811 4405 (implicatus
849 4336 1098 4402 tenebar)
1110 4376 1126 4403 ,
1177 4336 1285 4390 und
1335 4352 1391 4388 es
1441 4335 1571 4404 hing
1620 4336 1771 4390 nicht
1818 4354 1918 4391 von
1967 4337 2078 4391 ihm
2126 4337 2191 4389 ab
2207 4378 2219 4402 ‚
2272 4338 2337 4390 ob
2387 4352 2444 4388 er
2491 4334 2669 4389 Partei
