3146 4826
468 319 541 377 60
1210 319 1471 375 Ciceronis
1507 319 1764 389 epistulae
1800 319 2020 372 selectae
2054 318 2178 371 XII.

470 480 547 544 de
594 499 697 545 me
744 479 914 544 idem
961 480 1327 561 cogitabant
1346 529 1360 556 ‚
1423 479 1758 544 abiectiore
1807 479 2016 543 animo
2070 496 2172 542 me
2233 477 2560 553 futurum,
2622 496 2772 542 cum
2838 495 2948 541 res

469 586 724 669 publica
769 586 1076 650 maiorem
1122 586 1318 650 etiam
1361 586 1520 650 mihi
1566 585 1852 650 animum
1868 634 1882 662 ,
1938 604 2132 667 quam
2177 602 2492 665 umquam
2544 584 2946 661 habuissem,

471 690 678 767 daret,
725 710 872 756 cum
919 691 1308 756 declarasset
1354 709 1421 755 30
1467 709 1595 755 non
1640 692 1921 774 potuisse
1966 709 2068 755 me
2116 709 2241 754 uno
2289 690 2411 754 civi
2458 708 2710 763 carere3
2760 708 2945 755 cum-

471 816 595 878 que
643 798 978 862 Metellum
1024 798 1214 861 unius
1261 798 1503 862 tribuni
1547 799 1632 880 pl.
1678 797 1953 879 rogatio,
2014 815 2117 862 me
2163 797 2466 861 universa
2510 814 2615 860 res
2661 797 2943 878 publica,

470 902 628 967 duce
677 906 932 980 senatu,
980 904 1323 968 comitante
1370 903 1588 980 Italia,
1635 903 2185 986 promulgantibus
2235 905 2373 967 octo
2422 902 2698 967 tribunis
2714 950 2728 979 ,
2776 902 2944 967 refe-

467 1011 649 1074 rente
698 1009 954 1074 consule
971 1057 986 1085 ‚
1050 1010 1322 1074 comitiis
1371 1010 1745 1075 centuriatis
1761 1057 1775 1086 ,
1838 1009 2083 1074 cunetis
2146 1007 2473 1073 ordinibus
2492 1056 2508 1085 ,
2569 1008 2942 1073 hominibus

273 1128 379 1185 (11)
402 1133 452 1172 1⁴
470 1116 1001 1192 incumbentibus,
1048 1116 1341 1181 omnibus
1373 1116 1644 1197 denique
1678 1116 1810 1180 suis
1841 1115 2082 1179 viribus
2113 1114 2638 1197 recuperavisset.
2707 1113 2942 1196 Neque

468 1240 616 1285 vero
663 1240 777 1303 ego
838 1222 995 1285 1111111
1055 1223 1280 1304 postea
1335 1223 1680 1304 quicquam
1741 1221 2067 1304 adsumpsi
2127 1239 2335 1301 neque
2395 1219 2584 1285 hodie
2648 1220 2945 1297 adsumo,

472 1327 641 1407 quod
688 1345 1079 1408 quemquam
1124 1327 1806 1391 malevolentissimum
1850 1327 1987 1390 iure
2032 1326 2234 1408 possit
2273 1324 2626 1391 offendere:
2675 1329 2945 1391 tantum

471 1434 702 1509 enitor,
764 1436 839 1496 ut
881 1452 1090 1514 neque
1139 1434 1358 1498 amicis
1405 1451 1613 1515 neque
1662 1433 1855 1497 etiam
1903 1432 2306 1497 alienioribus
2369 1451 2562 1515 opera
2577 1481 2591 1508 ‚
2656 1434 2946 1510 consilio,

469 1539 684 1604 labore
731 1539 953 1604 desim.
1043 1539 1167 1604 Hic
1221 1557 1401 1604 meae
1451 1540 1619 1604 vitae
1676 1556 1901 1603 cursus
1962 1537 2223 1602 offendit
2285 1557 2391 1603 eos
2453 1538 2731 1603 fortasse
2748 1588 2763 1617 ,
2830 1540 2946 1621 qui

470 1644 869 1728 splendorem
917 1647 983 1709 et
1028 1647 1304 1729 speciem
1349 1646 1542 1710 huius
1575 1646 1743 1710 vitae
1789 1645 2140 1721 intuentur,
2187 1645 2682 1710 sollicitudinem
2716 1648 2948 1711 autem

470 1754 535 1817 et
579 1750 863 1816 laborem
907 1752 1263 1834 perspicere
1310 1770 1438 1816 non
1483 1753 1770 1835 possunt.
1845 1750 2017 1814 Illud
2060 1768 2209 1815 vero
2255 1769 2383 1814 non
2429 1752 2699 1817 obscure
2751 1771 2854 1834 qu
2870 1771 2952 1817 e·-

467 1858 799 1932 runtur,
860 1858 943 1920 in
988 1859 1187 1923 meis
1236 1858 1722 1934 sententii8‚
1784 1857 2081 1938 quibus
2142 1875 2416 1921 ornem
2463 1857 2952 1945 Caesarem,

470 1962 710 2043 quasi
757 1962 1225 2028 desciscere
1271 1982 1386 2027 me
1435 1983 1473 2027 a
1517 1964 1879 2047 pristina
1924 1980 2189 2027 causa.

645 2069 779 2150 Ego
828 2071 1044 2134 autem
1092 2089 1238 2134 cum
1284 2071 1395 2134 illa
1442 2088 1673 2152 sequor
1691 2118 1705 2147 ‚
1755 2087 1916 2151 quae
1961 2069 2151 2151 paulo
2199 2072 2347 2133 ante
2396 2072 2702 2154 proposui
2718 2120 2733 2148 ,
2799 2075 2950 2136 tum

467 2176 587 2239 hoc
632 2194 756 2239 non
804 2176 871 2239 in
916 2177 1286 2258 postremiS,
1342 2176 1418 2240 de
1469 2195 1592 2257 quo
1641 2192 1970 2259 coeperam
2018 2193 2341 2258 exponere.
2436 2176 2610 2241 Non
2675 2177 2845 2242 offe
2861 2198 2955 2242 n-

468 2460 552 2512 die
602 2458 928 2525 Erorterung
974 2458 1232 2512 abbricht.
1285 2488 1352 2496 —
1405 2457 1695 2512 abiectiore
1742 2457 1951 2523 animo]
2004 2498 2035 2524 „
2050 2457 2201 2510 recht
2247 2458 2756 2526 niedergeschlagen
2773 2460 2824 2513 “.
2880 2487 2952 2496 —

468 2563 594 2600 cum
640 2562 728 2600 res
765 2545 1024 2614 publica]
1073 2546 1174 2599 mit
1222 2545 1669 2614 gegensatzlicher
1704 2544 2020 2613 Bedeutung
2034 2586 2048 2612 ,
2099 2545 2334 2613 dagegen
2382 2546 2478 2599 das
2528 2546 2778 2614 folgende
2819 2563 2954 2601 cum

468 2634 821 2702 begriindend.
877 2662 942 2671 —
993 2649 1076 2688 me
1110 2651 1227 2688 wrm
1265 2634 1394 2700 civi]
1446 2634 1539 2687 der
1576 2633 1690 2687 eine
1726 2633 1890 2688 Manu
1923 2634 2220 2702 gegeniiber
2256 2633 2376 2686 dem
2410 2650 2614 2701 ganzen
2652 2633 2833 2689 Staat.
2877 2665 2948 2672 -—

458 2722 955 2792 promulgantibus
989 2722 1114 2789 etc.]
1152 2721 1253 2776 Am
1293 2724 1341 2776 1.
1368 2722 1569 2775 Januar
1607 2722 1917 2789 beantragte
1952 2721 2209 2775 Lentulus
2245 2722 2317 2775 im
2355 2720 2521 2775 Senat
2556 2721 2773 2776 Ciceros
2809 2722 2951 2777 Her-

467 2811 702 2879 stellung
737 2809 1052 2877 (referente)
1088 2810 1197 2864 und
1234 2811 1416 2864 leitete
1442 2826 1527 2863 am
1552 2811 1606 2864 4.
1634 2810 1848 2876 August
1874 2809 1958 2862 die
1986 2808 2528 2876 Centuriatcomitien,
2565 2811 2624 2863 in
2653 2811 2829 2865 denen
2860 2812 2954 2865 die

464 2899 849 2967 Begnadigung
874 2898 1207 2952 beschlossen
1234 2898 1425 2951 wurde.
1463 2897 1584 2951 Alle
1612 2897 1737 2951 acht
1753 2896 2019 2950 Tribunen
2046 2898 2252 2965 zeigten
2279 2898 2447 2951 durch
2473 2898 2953 2969 Bekanntgebung

466 2987 558 3039 des
605 2986 871 3054 Antrages
919 2987 1343 3055 (promulqare)‚
1394 2984 1510 3039 dass
1560 2986 1636 3038 sie
1684 2985 1869 3039 keinen
1917 2984 2213 3055 Einspruch
2262 2987 2506 3041 erhoben.
2560 3017 2627 3026 —
2682 2989 2955 3043 omnibus

465 3074 704 3141 denique
729 3074 849 3128 suis
875 3073 1110 3141 viribus]
1146 3074 1230 3126 die
1256 3073 1675 3142 vorhergehende
1700 3073 2036 3141 Aufzahlung
2062 3075 2602 3129 zusammenfassend:
2643 3077 2822 3143 „kurz
2837 3078 2892 3131 “.

620 3174 673 3214 14
692 3167 796 3223 (17).
847 3162 986 3215 milei
1024 3202 1036 3215 .
1061 3202 1106 3215 ..
1146 3162 1441 3230 quicquam
1484 3160 1793 3230 adsumpsi]
1846 3162 1999 3228 „sich
2049 3165 2213 3216 etwas
2260 3163 2593 3219 anmassen“.
2649 3195 2721 3204 —-
2774 3169 2951 3221 male—

465 3248 919 3318 volentissimum]
955 3250 1057 3303 mit
1090 3250 1418 3303 konzessiver
1452 3249 1623 3303 Kraft.
1664 3280 1732 3288 —
1768 3251 1833 3302 in
1866 3251 1999 3304 meis
2032 3250 2345 3319 sententiis]
2383 3251 2438 3305 N
2438 3254 2732 3307 amentlich
2770 3256 2947 3309 durch

466 3337 672 3391 Ciceros
705 3336 850 3390 Rode
888 3338 994 3404 „de
1030 3339 1308 3408 provinciis
1345 3337 1747 3390 consularibus“
1782 3338 1833 3390 J.
1873 3339 1941 3392 56
1958 3380 1971 3404 ,
2022 3339 2118 3392 das
2156 3339 2492 3408 Gegenstiick
2540 3359 2635 3396 zur
2677 3344 2951 3414 „Pompe-

459 3425 654 3493 jana“;
690 3425 747 3478 in
784 3424 977 3480 diesem
1005 3425 1306 3481 Gutachten
1343 3424 1573 3479 forderte
1608 3441 1681 3491 er,
1719 3425 1836 3478 dal's
1863 3442 1984 3480 man
2012 3426 2191 3493 Casar,
2228 3428 2321 3482 der
2349 3445 2407 3483 so
2436 3428 2659 3484 Grosses
2686 3433 2952 3500 geleistet

465 3513 574 3567 und
610 3514 723 3568 sein
758 3513 918 3568 Werk
955 3515 1047 3569 der
1081 3514 1487 3581 Unterwerfung
1523 3513 1757 3568 Galliena
1791 3514 1926 3568 noch
1961 3516 2111 3569 nicht
2145 3518 2413 3571 vollendet
2447 3519 2587 3573 habe
2603 3561 2616 3585 ,
2657 3521 2816 3574 nicht
2856 3523 2954 3576 ab·

465 3601 677 3655 berufen
707 3601 870 3656 diirfe.
912 3633 979 3641 ——
1017 3621 1055 3657 a
1082 3602 1340 3672 pristina
1368 3600 1560 3668 causa]
1598 3617 1698 3654 von
1727 3601 1819 3654 der
1846 3601 2221 3673 Senatspartei.
2262 3632 2325 3642 ·-
2365 3623 2483 3661 non
2518 3608 2585 3661 in
2612 3611 2953 3678 postremis]

468 3713 531 3730 ε·-
572 3692 675 3760 οὐχ
711 3692 920 3756 ἥκιστα,
959 3690 1054 3745 das
1090 3706 1224 3758 ganz
1252 3690 1348 3742 wie
1373 3692 1621 3761 μάλιστα
1648 3690 1939 3758 gebraucht
1963 3692 2111 3746 wird.
2176 3692 2274 3746 Als
2302 3695 2479 3748 solche
2515 3695 2603 3750 die
2634 3698 2956 3766 steigernde

465 3776 622 3829 Kraft
659 3776 751 3829 des
790 3783 906 3831 tum
943 3779 1015 3831 im
1044 3778 1262 3832 zweiten
1290 3775 1472 3830 Gliede
1499 3777 1631 3831 noch
1661 3778 2065 3832 verstarkenden
2094 3779 2401 3835 Ausdriicke
2427 3782 2609 3839 finden
2649 3785 2769 3839 sich
2805 3788 2954 3841 auch

465 3863 631 3916 etiam
678 3864 829 3929 (oben
868 3867 898 3933 ς
935 3867 1041 3926 513)
1078 3865 1272 3930 Εο110),
1322 3870 1377 3919 et
1412 3865 1502 3930 (---
1542 3866 1760 3933 etiam),
1802 3867 2103 3935 praecipue
2151 3869 2260 3923 und
2304 3872 2634 3926 namentlich
2685 3876 2956 3931 maxime.

464 3950 572 4005 Der
619 3967 784 4020 ganzo
820 3952 942 4007 Satz
989 3956 1066 4008 ist
1115 3952 1353 4020 zugleich
1400 3953 1486 4006 ein
1530 3943 1812 4021 Uber-gang
1857 3970 1957 4009 von
2007 3955 2107 4009 deu
2156 3957 2355 4012 seither
2404 3960 2478 4013 im
2528 3962 2810 4018 einzelnen
2860 3965 2956 4019 be-

465 4040 783 4108 sprochenen
823 4039 1072 4097 Gri'mden
1108 4042 1193 4095 fiir
1241 4040 1342 4094 den
1378 4040 1663 4094 Anschlul's
1711 4057 1777 4094 an
1814 4041 1976 4096 Casar
2022 4044 2171 4111 (illa)
2218 4062 2282 4098 zu
2331 4048 2477 4101 einer
2526 4050 2771 4107 naheren
2807 4053 2959 4108 Aus-

464 4127 694 4197 ssibrung
737 4129 867 4182 iiber
913 4131 1012 4185 deu
1050 4131 1081 4199 ἓ
1117 4131 1152 4183 9
1168 4133 1257 4191 (13)
1306 4127 1595 4181 110111111ωο
1641 4128 1733 4194 (de
1766 4146 1875 4198 quo
1910 4146 2192 4198 coeperam
2227 4138 2524 4205 exponere)
2556 4138 2955 4197 Platonischen

466 4215 765 4270 Grundsatz
816 4219 1001 4284 quales
1048 4219 1113 4271 in
1160 4232 1220 4270 re
1261 4215 1499 4282 publica
1542 4217 1821 4284 principes
1870 4224 2066 4285 essent,
2120 4221 2258 4275 tales
2305 4225 2553 4293 reliquos
2603 4229 2785 4285 solere
2835 4247 2956 4287 esse

457 4305 616 4360 ῥίφω,
670 4334 738 4341 -
788 4304 1052 4371 offendes]
1102 4304 1176 4355 im
1225 4302 1526 4357 νῶι-1111111100
1572 4303 1701 4358 Sinn
1751 4306 2107 4375 ‚‚antreffen“,
2156 4310 2292 4364 nach
2343 4312 2438 4366 der
2489 4318 2956 4387 ursprfinglichen
