3146 4826
455 316 528 377 40
1232 314 1491 370 Ciceronis
1527 315 1785 384 epistulae
1822 314 2043 366 selectae
2079 313 2144 366 X.

408 479 593 560 sipse
657 496 782 541 non
845 477 1000 540 satis
1064 475 1327 557 dignum
1388 474 1694 538 iudicabo.
1809 472 1939 535 Nos
2019 472 2225 536 adhuc
2300 472 2366 534 in
2434 473 2653 535 nostro
2718 473 2930 547 statu,

461 583 627 665 quod
690 582 1055 646 difficillime
1116 582 1475 663 recuperari
1551 598 1735 662 posse
1814 579 2106 642 arbitrati
2183 596 2435 654 sumus,
2513 577 2926 659 splendorem

458 691 752 752 nostrum
805 689 991 750 illum
1038 687 1353 751 forensem
1412 688 1478 750 et
1531 687 1599 748 in
1648 687 1874 748 senatu
1924 685 2370 747 auctoritatem
2418 686 2480 747 91
2530 683 2698 765 apud
2747 683 2932 747 viros

459 796 654 858 bonos
714 795 987 876 gratiam
1047 794 1279 874 magis,
1329 810 1524 873 quam
1571 793 1970 872 optaramuS,
2019 791 2341 853 consecuti
2388 808 2645 862 sumus;
2706 789 2788 850 in
2837 807 2931 851 re

461 902 732 965 autem
800 900 1237 975 familia-ri,
1309 916 1471 980 quae
1544 916 1734 977 quem
1806 896 1885 959 ad
1953 896 2218 959 modum
2285 895 2518 971 fracta,
2589 894 2928 976 dissipata,

461 1007 708 1088 direpta
770 1007 885 1083 sit,
946 1024 1072 1068 non
1133 1006 1416 1086 ignoraS,
1478 1003 1661 1067 valde
1717 1003 2081 1065 laboramus
2143 1004 2527 1082 tuarumque
2589 1020 2717 1064 non
2780 1003 2926 1064 tam

461 1113 874 1189 facultatum,
939 1130 1096 1192 quas
1159 1130 1272 1192 ego
1330 1112 1586 1173 nostras
1635 1128 1772 1173 esse
1820 1108 2058 1183 iudico,
2124 1126 2316 1187 quam
2379 1107 2925 1171 consiliorum

463 1219 556 1282 ad
604 1218 1120 1299 colligendas
1169 1219 1247 1280 91
1293 1214 1923 1281 constituendas
1972 1214 2376 1294 reliquias
2422 1215 2750 1276 nostras
2800 1214 2936 1276 in*

463 1324 847 1405 digemus.

412 1455 438 1493 4
641 1430 844 1506 Nunc,
894 1429 1014 1493 etsi
1061 1429 1272 1492 omnia
1320 1430 1434 1491 aut
1481 1428 1718 1510 scripta
1780 1446 1916 1491 esse
1966 1445 2003 1490 a
2049 1427 2176 1490 tuis
2241 1427 2511 1489 arbitror
2561 1428 2675 1489 aut
2723 1427 2927 1490 etiam

462 1536 704 1600 nuntiis
754 1555 826 1600 ac
869 1554 1123 1599 rumore
1169 1536 1442 1617 perlata,
1489 1537 1708 1598 tamen
1756 1553 1831 1597 ea
1877 1534 2150 1597 scribam
2190 1532 2392 1609 brevi,
2442 1551 2602 1613 quae
2650 1534 2714 1596 te
2761 1535 2932 1615 puto

461 1643 864 1725 potissimum
911 1661 988 1706 ex
1034 1642 1192 1705 meis
1241 1642 1472 1705 litteris
1520 1641 1681 1704 velle
1731 1658 2121 1721 cognoscere.

641 1748 744 1811 Pr.
783 1749 992 1812 Nonas
1042 1747 1309 1811 Sextiles
1341 1747 1862 1829 Dyrrhachio
1912 1765 2080 1809 sum
2126 1745 2581 1827 profectus,
2627 1745 2765 1827 ipso
2814 1745 2936 1808 illo

468 1855 583 1930 die,
634 1873 756 1934 quo
804 1855 904 1916 lex
951 1856 1049 1916 est
1093 1856 1228 1916 lata
1275 1853 1351 1916 de
1396 1854 1613 1925 nobis;
1661 1852 2194 1916 Brundisium
2241 1852 2382 1915 veni
2419 1852 2618 1914 Nonis
2670 1851 2932 1914 Sextili-

465 1961 619 2023 bus:
681 1959 769 2022 ibi
829 1958 987 2020 mihi
1033 1959 1302 2021 Tulliola
1348 1977 1491 2022 mea
1536 1958 1662 2021 fuit
1712 1962 1965 2040 praesto
2027 1958 2228 2021 natali
2275 1977 2388 2021 suo
2434 1958 2571 2040 ipso
2620 1957 2750 2032 die,
2814 1958 2931 2039 qui

471 2083 622 2129 casu
669 2064 838 2128 idem
899 2065 1134 2127 natalis
1198 2067 1336 2127 erat
1397 2067 1461 2127 et
1513 2064 1940 2127 Brundisinae
2004 2065 2282 2127 coloniae
2344 2065 2408 2127 et
2469 2067 2617 2127 tuae
2680 2064 2934 2127 vicinae

471 2170 754 2244 Salutis;
820 2190 980 2251 quae
1028 2189 1130 2234 res
1179 2170 1619 2233 animadversa
1668 2189 1704 2233 a
1750 2170 2160 2233 multitudine
2208 2188 2462 2233 summa
2506 2169 2942 2233 Brundisino-

468 2296 611 2340 rum
661 2277 1083 2356 gratulatione
1133 2276 1449 2339 celebrata
1497 2279 1612 2338 est.
1703 2278 1869 2338 Ante
1918 2276 2084 2339 diem
2137 2295 2216 2336 vr.
2260 2274 2413 2338 Idus
2465 2275 2733 2339 Sextiles
2783 2294 2936 2356 cog-

470 2383 633 2458 novi,
684 2382 858 2463 [cum
890 2382 1216 2447 Brundisii
1250 2384 1502 2465 essem,]
1551 2384 1783 2447 litteris
1819 2381 2056 2461 Quinti,
2101 2383 2365 2448 mirifico
2399 2383 2607 2447 studio
2639 2383 2934 2447 omnium

475 2491 761 2552 aetatum
810 2490 1001 2568 atque
1049 2490 1358 2566 ordinum,
1403 2491 1754 2554 incredibili
1800 2510 2110 2554 concursu
2140 2490 2366 2555 Italiae
2408 2491 2615 2571 legem
2654 2489 2934 2553 comitiis

474 2595 845 2659 centuriatis
894 2613 1031 2658 esse
1078 2598 1425 2677 perlatam:
1471 2596 1619 2660 inde
1653 2615 1690 2659 a
1720 2596 2122 2660 Brundisinis
2153 2597 2619 2659 honestissimis
2661 2597 2934 2658 ornatus

472 2702 595 2765 iter
625 2702 716 2764 ita
746 2700 884 2778 feci,
931 2704 1008 2765 ut
1037 2703 1316 2782 undique
1350 2703 1429 2766 ad
1460 2722 1563 2766 me
1606 2722 1751 2766 cum
1792 2703 2220 2783 gratulatione
2261 2704 2457 2783 legati
2500 2701 2934 2765 convenerint.

424 2808 585 2871 aAd
633 2808 906 2871 urbem
952 2809 1044 2870 ita
1089 2808 1303 2884 veni,
1359 2810 1433 2871 ut
1477 2828 1663 2873 nemo
1712 2809 1905 2872 ullius
1954 2809 2185 2872 ordinis
2233 2809 2422 2871 homo
2470 2808 2933 2871 nomenclatori

622 3084 666 3124 3.
704 3071 768 3123 in
803 3078 991 3124 nostro
1028 3072 1202 3138 statu]
1241 3071 1447 3124 bezieht
1475 3071 1585 3123 sich
1623 3072 1714 3124 auf
1739 3072 1821 3124 die
1847 3072 2178 3126 offentlichen
2210 3073 2488 3138 Zustande,
2528 3072 2622 3127 das
2650 3070 2933 3141 politische

472 3160 673 3223 Leben3
713 3158 829 3211 dem
858 3159 1152 3225 gegeniiber
1180 3159 1326 3211 steht
1351 3159 1581 3212 nachher
1617 3161 1680 3212 in
1716 3176 1774 3212 re
1812 3166 1999 3213 autem
2034 3160 2324 3225 familiari.
2391 3159 2594 3214 Ciceros
2622 3159 2807 3211 Palast
2843 3157 2944 3211 auf

475 3247 591 3299 dem
628 3246 836 3298 Palatin
855 3288 868 3311 ,
918 3245 1017 3299 den
1066 3263 1123 3298 er
1170 3246 1253 3298 bei
1291 3247 1460 3300 seiner
1495 3248 1774 3300 Rfickkehr
1810 3249 1888 3300 als
1933 3248 2104 3301 Ruine
2150 3249 2304 3314 fand,
2355 3247 2505 3301 hatte
2542 3249 2622 3315 δὲ
2658 3248 2935 3300 Millionen

475 3335 695 3402 Ses'wrz,
734 3334 844 3386 also
882 3334 1010 3386 iiber
1047 3335 1152 3388 600
1165 3336 1272 3388 ΟΟΟ
1303 3335 1455 3387 Mark
1490 3335 1748 3402 gekostet.
1814 3336 1921 3388 Der
1949 3335 2112 3389 Senat
2145 3338 2241 3389 bot
2275 3337 2384 3389 ihm
2421 3337 2454 3389 2
2493 3337 2766 3389 Millionen
2804 3335 2934 3388 Ent-

477 3423 815 3490 schadigung.
879 3421 1079 3476 Gerade
1118 3440 1209 3475 zur
1244 3423 1652 3491 geschaftlichen
1679 3423 1953 3492 Regelung
1990 3425 2159 3478 dieser
2194 3425 2398 3493 Fragen
2435 3425 2674 3478 bedurfte
2703 3422 2808 3478 Cic.
2840 3424 2942 3476 des

472 3511 861 3579 geldkundigen
897 3511 1179 3566 FreundeS.
1253 3511 1304 3565 S.
1342 3514 1373 3580 ξ
1412 3513 1459 3565 7.
1500 3542 1568 3550 —
1606 3510 1965 3580 facultatum]
2009 3514 2246 3581 „Mittel,
2285 3514 2633 3581 Vermogen“.

624 3611 671 3653 4.
722 3604 853 3653 tuae
886 3602 1101 3655 vicinae
1135 3600 1371 3667 Salutis]
1422 3601 1529 3652 Der
1565 3600 1776 3670 Tempel
1825 3602 1916 3655 der
1966 3603 2297 3656 offentlichen
2334 3602 2634 3655 Wohlfahrt
2679 3601 2773 3653 auf
2815 3601 2938 3654 dem

477 3704 625 3741 mons
678 3685 959 3751 Quirinalis
1005 3705 1112 3741 war
1159 3689 1266 3742 304
1303 3706 1348 3740 v.
1388 3687 1507 3742 Chr.
1555 3691 1783 3757 geweiht
1830 3691 1938 3743 und
1988 3693 2088 3744 mit
2136 3692 2443 3744 beriihmten
2480 3689 2936 3742 Wandmalereien

475 3776 817 3845 geschmiickt
852 3776 1074 3828 worden.
1137 3776 1200 3829 In
1239 3777 1332 3829 der
1359 3777 1507 3830 Nahe
1543 3779 1634 3846 lag
1671 3780 1764 3832 (199
1792 3780 1942 3833 Haus
1980 3780 2072 3832 des
2105 3780 2330 3832 Atticus.
2371 3810 2438 3817 —
2476 3795 2615 3847 quae
2642 3777 2751 3845 res]
2791 3783 2937 3830 nam-

476 3865 584 3918 lich
621 3865 732 3919 dies
769 3865 1144 3933 merkwfirdige
1181 3865 1695 3920 Zusammentreffen.
1736 3895 1801 3904 —
1833 3868 2136 3936 perlatam]
2176 3868 2284 3920 Das
2323 3866 2511 3921 Gesetz
2548 3868 2677 3920 iiber
2716 3867 2801 3919 die
2839 3865 2936 3918 Zu-

477 3953 865 4021 riickberufung
900 3970 1007 4006 war
1042 3954 1363 4007 namentlich
1400 3956 1533 4007 auch
1572 3956 1738 4008 durch
1775 3956 1869 4009 das
1908 3957 2196 4009 zahlreichc
2234 3956 2547 4008 Erscheinen
2594 3955 2687 4007 der
2734 3956 2938 4007 stimm-

477 4042 838 4109 berechtigten
873 4042 1040 4095 Italer
1077 4042 1527 4111 durchgegangen.
1569 4072 1633 4081 —
1674 4045 1932 4112 ornatus]
1972 4046 2116 4112 „mit
2155 4044 2553 4110 Auszeichnung
2586 4042 2936 4096 beliandelt“.

627 4143 672 4183 5.
711 4131 1129 4199 nomenclatori]
1166 4131 1285 4184 dem
1315 4132 1731 4199 stadtkundigen
1761 4133 1982 4187 Sklaven
2011 4132 2231 4199 Ciceros,
2270 4132 2363 4185 der
2390 4133 2472 4185 die
2499 4132 2736 4199 Aufgabe
2763 4132 2938 4198 hatte,

480 4217 599 4271 dem
633 4218 806 4271 Herrn
856 4220 951 4274 den
990 4220 1043 4273 N
1045 4237 1192 4273 amen
1236 4219 1386 4288 jedes
1423 4220 1803 4288 Begegnenden
1846 4238 2189 4275 zuzuraunen.
2264 4221 2372 4274 Der
2408 4220 2459 4274 N
2461 4221 2788 4273 omenklator
2829 4236 2942 4273 war

477 4308 799 4361 namentlich
835 4308 918 4360 fiir
954 4309 1036 4361 die
1072 4309 1345 4362 Bewerbcr
1381 4326 1470 4361 um
1507 4309 1591 4362 9111
1629 4310 1757 4363 Α1111
1794 4311 1915 4364 99111·
1952 4310 2191 4378 wichtig,
2242 4310 2310 4362 da
2346 4309 2608 4362 natiirlich
2653 4309 2803 4378 jeder
2837 4307 2940 4361 Ur·
