3146 4826
914 346 1175 400 Ciceronis
1211 346 1469 416 epistulae
1506 348 1728 400 selectae
1764 346 1954 401 XXIV.
2567 345 2672 407 109

232 524 341 570 suo
382 507 605 571 lectulo
660 507 824 571 mori
869 507 1061 571 malle
1119 506 1439 571 censueris
1498 525 1694 587 quam
1751 507 1968 571 exsilio
2014 508 2502 585 Themistoclem
2559 510 2670 590 qui

228 631 369 676 cum
410 612 648 690 fuisset,
694 615 770 677 ut
817 612 909 676 ait
952 611 1381 695 Thucydides,
1439 623 1569 676 τῶν
1621 610 1740 694 μὲν
1785 611 2130 699 παρόντων
2184 601 2278 678 δι’
2328 611 2670 702 ἐλαχίστης

228 718 448 805 βουλῆς
507 717 856 806 κράτιστος
925 718 1192 802 γνώμων
1206 768 1221 797 ,
1291 729 1422 782 τῶν
1490 716 1564 783 δὲ
1630 717 1992 800 μελλόντων
2059 716 2126 796 ἐς
2192 720 2499 786 πλεῖστον
2555 731 2671 785 τοῦ

227 824 624 913 γενησομένω
682 824 947 911 ἄριστος
1000 820 1328 913 εἰκαστής,
1395 827 1614 890 tamen
1668 825 1892 890 incidit
1943 826 2010 890 in
2066 845 2171 891 eos
2228 845 2442 903 casus,
2508 846 2666 909 quos

228 932 502 1009 vitasset,
550 933 605 997 si
653 952 802 997 0010
847 933 1006 996 nihil
1060 931 1406 998 fefellisset.
1498 932 1641 996 Etsi
1693 933 1748 996 is
1806 934 1971 1010 erat,
2027 935 2102 997 ut
2159 934 2250 998 ait
2303 932 2499 1011 idem,
2556 934 2666 1014 qui

226 1038 297 1102 τὸ
340 1037 590 1120 ἄμεινον
635 1036 752 1103 καὶ
797 1039 874 1103 τὸ
915 1041 1126 1124 χεῖρον
1170 1033 1237 1103 ἓν
1281 1036 1378 1123 τῷ
1424 1036 1663 1125 ἀφανεῖ
1707 1033 1805 1103 ἔτι
1856 1034 2027 1124 ἑώρα
2072 1038 2389 1121 μάλιστα,
2446 1042 2665 1104 tamen

223 1164 343 1209 000
386 1146 555 1223 vidit,
602 1164 722 1210 nec
770 1164 895 1227 quo
940 1145 1127 1210 modo
1158 1145 1807 1210 Lacedaemoniorum
1852 1164 1970 1210 nec
2018 1164 2142 1228 quo
2174 1146 2358 1211 modo
2400 1164 2663 1211 suorum

221 1253 444 1316 civium
496 1252 802 1317 invidiam
860 1251 1167 1334 effugeret
1219 1270 1337 1316 nec
1393 1251 1547 1333 quid
1602 1252 1935 1317 Artaxerxi
1997 1252 2420 1335 polliceretur.
2519 1252 2665 1317 Non

220 1357 441 1423 fuisset
483 1359 593 1422 illa
638 1377 764 1423 nox
809 1361 945 1423 1010
994 1359 1218 1423 acerba
1263 1357 1586 1435 Africam,
1635 1358 2103 1442 sapientissimo
2151 1360 2310 1436 viro,
2355 1377 2482 1424 non
2528 1362 2665 1423 tam

219 1465 390 1529 dirus
433 1465 539 1529 ille
588 1464 724 1529 dies
769 1464 1073 1529 Sullanus
1119 1464 1527 1529 callidissimo
1579 1465 1708 1528 viro
1741 1464 1808 1529 C.
1840 1464 2062 1542 Mario,
2110 1465 2163 1529 si
2209 1466 2368 1529 nihil
2414 1468 2667 1529 utrum-

220 1590 337 1653 que
386 1590 599 1636 eorum
644 1570 993 1636 fefellisset.
1083 1570 1216 1635 Nos
1273 1573 1491 1635 tamen
1545 1570 1665 1637 hoc
1711 1571 2158 1635 confirmamus
2214 1571 2321 1634 illo
2380 1572 2665 1653 augurio,

220 1696 339 1759 quo
372 1678 659 1755 diximuS‚
707 1696 823 1742 nec
867 1696 984 1743 nos
1031 1677 1198 1742 fallit
1241 1696 1360 1742 nec
1407 1677 1592 1742 aliter
1624 1677 1894 1742 accidet:
1943 1680 2200 1742 corruat
2244 1678 2367 1743 iste
2407 1696 2664 1743 necesse
2690 1698 2717 1742 e

217 1787 313 1848 est
360 1787 469 1847 aut
512 1803 627 1867 per
675 1783 1068 1849 adversarios
1118 1786 1231 1847 aut
1284 1784 1418 1866 ipse
1464 1802 1579 1866 per
1627 1802 1718 1860 se,
1776 1784 1886 1865 qui
1942 1783 2200 1865 quidem
2246 1784 2365 1848 sibi
2412 1787 2511 1848 est
2559 1784 2668 1848 ad-

218 1892 526 1954 versarius
574 1909 744 1954 unus
792 1890 1168 1963 acerrimus;
1224 1889 1290 1953 id
1346 1908 1529 1973 spero
1575 1891 1735 1954 vivis
1781 1891 1962 1955 nobis
2018 1889 2167 1955 fore.
2261 1889 2667 1972 Quamquam

218 1998 466 2080 tempus
524 1999 624 2061 est
687 2014 805 2060 1100
862 1996 938 2060 (10
994 1996 1105 2059 1110
1158 1998 1468 2080 perpetua
1530 1997 1687 2074 iam,
1752 2015 1878 2061 non
1937 1997 2012 2060 de
2079 1997 2199 2061 1100
2255 1997 2481 2079 exigua
2535 1998 2669 2062 vita

216 2104 506 2185 cogitare.
614 2102 726 2167 Sin
784 2102 937 2184 quid
993 2102 1292 2167 acciderit
1347 2103 1694 2179 maturina,
1753 2103 1926 2167 haud
1982 2122 2133 2168 0000
2189 2122 2333 2167 mea
2388 2104 2668 2169 multum

216 2209 598 2287 interfuerit,
652 2212 875 2273 utrum
929 2208 1175 2273 factum
1228 2208 1507 2286 videam,
1576 2227 1658 2272 an
1714 2208 2006 2274 futurum
2063 2228 2201 2275 esse
2258 2210 2462 2274 multo
2519 2213 2667 2274 0010

216 2316 494 2381 viderim.
588 2314 794 2394 Quae
852 2335 1017 2380 011111
1070 2316 1179 2378 110
1236 2316 1416 2392 0101,
1479 2334 1625 2379 non
1690 2319 1807 2380 est
1870 2316 2519 2394 committendum,
2584 2319 2670 2381 ut

215 2424 305 2487 iis
351 2442 680 2506 paream,
730 2441 914 2504 quos
962 2425 1226 2487 contra
1273 2442 1385 2487 me
1435 2426 1776 2500 0000100,
1828 2442 1918 2488 110
1976 2424 2154 2506 quid
2198 2443 2317 2489 res
2364 2425 2671 2509 publica

215 2529 655 2593 detrimenti
704 2530 1108 2612 acciperet,
1156 2529 1495 2595 armavit.

390 2636 529 2701 Tibi
576 2638 730 2699 sunt
775 2636 987 2699 010010
1019 2635 1478 2712 0001010οᾶ010,
1529 2654 1692 2716 quae
1725 2636 2289 2701 commendationis
2336 2657 2515 2703 10000
2555 2657 2668 2720 pro
2696 2658 2722 2698 ⁹

213 2744 324 2806 tuo
369 2743 439 2804 in
481 2761 597 2806 nos
647 2760 859 2806 amore
906 2761 1031 2806 000
1077 2742 1379 2824 indigent.
1470 2742 1606 2805 Nec
1650 2742 1906 2806 hercule
1955 2761 2069 2825 ego
2103 2743 2361 2824 quidem
2406 2744 2670 2826 reperio,

214 2848 364 2930 quid
417 2849 725 2923 scribam;
775 2847 959 2913 sedeo
993 2848 1162 2912 001111
1194 2847 1604 2914 πλουδοκῶνε
1654 2849 1775 2912 0101
1820 2848 1980 2912 011111
2012 2868 2322 2931 umquam
2367 2851 2504 2914 tam
2549 2849 2673 2913 fuit

212 2955 622 3018 scribendum
679 2972 873 3036 quam
928 2954 1087 3017 nihil
1141 2955 1298 3018 mihi
1353 2972 1665 3036 umquam
1721 2974 1795 3018 ex
1848 2955 2140 3037 plurimis
2197 2955 2328 3020 tuis
2383 2955 2673 3019 iucundi-

211 3060 457 3124 tatibus
513 3061 761 3143 gratius
827 3061 1128 3124 accidisse
1196 3079 1390 3142 quam
1456 3060 1626 3142 quod
1690 3079 1901 3125 meam
1954 3061 2231 3125 Tulliam
2296 3061 2670 3126 suavissime

213 3166 827 3249 diligentissimeque
876 3167 1126 3231 coluisti
1158 3202 1246 3212 —-
1277 3167 1460 3231 valde
1493 3186 1565 3232 eo
1610 3167 1751 3251 ipsa
1782 3167 2097 3232 delectata
2130 3171 2246 3245 est,
2294 3186 2407 3250 ego
2456 3171 2674 3233 autem

210 3292 342 3338 11011
386 3273 601 3337 101000
651 3309 754 3349 --,
802 3273 980 3337 00100
1031 3274 1288 3355 quidem
1334 3274 1539 3337 virtus
1586 3273 1870 3337 mirifica.
1964 3272 2104 3352 Quo
2158 3275 2347 3339 modo
2394 3275 2505 3339 illa
2550 3275 2675 3340 fert

210 3379 538 3462 publicam
586 3378 862 3444 cladem!
958 3377 1095 3457 Quo
1144 3381 1328 3444 modo
1377 3380 1759 3445 domesticas
1812 3381 2034 3445 tricas!
2115 3379 2410 3459 Quantus
2457 3383 2672 3446 autem

212 3485 471 3549 animus
527 3486 594 3548 in
661 3485 945 3549 discessu
1008 3487 1253 3549 nostro!
1356 3486 1474 3550 Est
1537 3486 1802 3572 στοργή,
1868 3489 1966 3550 001
2033 3505 2286 3551 summa
2348 3484 2671 3573 σύντηξιςε

210 3644 633 3699 Weicblichkeit.
673 3674 740 3683 —
777 3649 845 3698 ut
882 3644 969 3697 ait
1012 3643 1378 3714 Thucydides]
1415 3644 1459 3710 Ι,
1498 3645 1620 3699 138.
1673 3674 1740 3682 —-
1791 3644 1896 3699 illa
1931 3645 2066 3711 nox]
2103 3644 2158 3697 in
2195 3644 2288 3697 der
2323 3660 2380 3696 er
2416 3644 2677 3697 ermordet

211 3733 393 3787 παι-(10
428 3733 478 3787 J.
520 3733 641 3787 129.
716 3732 768 3785 S.
806 3748 900 3802 pro
937 3732 1049 3786 Mil.
1089 3733 1120 3800 ξ
1158 3733 1249 3786 16:
1308 3749 1466 3799 „cum
1503 3733 1562 3787 P.
1601 3733 1843 3786 Africano
1892 3732 2030 3787 domi
2080 3749 2203 3786 suae
2251 3732 2540 3802 quiescenti
2583 3732 2677 3785 illa

211 3824 476 3875 nocturna
510 3821 591 3875 vis
627 3824 770 3874 esset
804 3821 1031 3874 inlata“.
1069 3851 1141 3858 —
1178 3821 1384 3888 tamen]
1423 3838 1573 3875 wenn
1598 3821 1693 3875 wir
1720 3822 1854 3875 auch
1881 3823 2021 3875 11100
2048 3823 2268 3875 konnen.
2309 3850 2376 3859 —
2414 3821 2514 3877 hoc
2552 3837 2675 3876 con-

210 3910 526 3977 fimamus]
564 3910 793 3964 namlich
829 3909 930 3963 den
968 3909 1121 3964 Satz:
1158 3910 1223 3963 id
1258 3926 1485 3980 reynum
1521 3910 1620 3964 vix
1653 3916 1901 3966 smesm
1937 3925 2046 3966 esse
2073 3926 2248 3979 posse.

363 4010 409 4054 s.
449 3997 807 4068 quamquam]
860 3998 1113 4052 schranltt
1160 3999 1244 4052 die
1291 3998 1562 4066 Hoffnung
1607 3999 1692 4052 010
1707 4040 1720 4065 ,
1769 3998 1887 4052 dass
1936 4015 1994 4052 er
2042 3998 2230 4053 Casars
2264 3999 2422 4053 Sturz
2472 3998 2678 4052 erleben

212 4088 402 4142 werde.
442 4118 512 4127 -
549 4087 643 4142 sin
668 4087 807 4156 quid
836 4087 1103 4143 acciderit
1128 4087 1433 4154 maturius]
1471 4087 1881 4158 euphemistisch
1915 4086 2024 4141 fiir:
2064 4128 2095 4154 „
2108 4088 2284 4141 ster-be
2318 4088 2404 4140 ich
2439 4087 2676 4172 stubei-⁴⁴.

364 4189 411 4230 9.
466 4171 811 4247 πλουδοκῶν]
873 4216 903 4242 ,,
919 4175 1014 4229 auf
1055 4174 1334 4229 Fahrwind
1389 4175 1625 4229 wartend
1641 4176 1691 4230 “.
1749 4205 1816 4213 —-
1872 4175 2116 4243 coluisti]
2176 4219 2206 4243 ‚,
2222 4175 2510 4230 freundlich
2568 4175 2678 4228 sein

211 4282 382 4334 gegen
397 4265 450 4319 “.·
490 4293 558 4302 -·-
597 4264 925 4320 dmnesticas
961 4264 1157 4331 meas]
1206 4262 1800 4331 „Verdriefslichkeiten
1815 4265 1865 4331 “,
1914 4264 1997 4317 die
2047 4265 2122 4319 sie
2158 4281 2337 4333 wegen
2384 4264 2524 4317 ihres
2570 4279 2679 4316 ver-

213 4353 529 4408 schuldeten
567 4352 676 4406 und
713 4352 1082 4421 leichtlebigen
1119 4351 1318 4407 Gatten
1353 4353 1631 4407 Dolabella
1664 4354 1831 4408 hatte.
1872 4384 1939 4391 —
1979 4353 2253 4421 σύντηξις]
2291 4370 2389 4406 von
2427 4355 2579 4419 τήκω.
