3146 4826
507 346 579 407 90
1244 345 1504 401 Ciceronis
1540 346 1798 416 epistulae
1835 348 2057 400 selectae
2091 346 2234 400 XIX.

508 511 812 573 nostras
880 511 955 573 et
1017 509 1348 591 patriam
1412 507 1655 589 ipsam
1720 507 1840 571 vel
1906 507 2413 589 diripiendam
2478 508 2596 571 vel
2658 506 2974 571 inflam-

507 612 855 701 mandafm
902 615 1390 696 reliquimus:
1448 614 1514 677 in
1571 631 1719 677 eum
1766 614 1977 679 locum
2033 633 2136 678 res
2184 614 2457 678 deducta
2514 616 2639 691 est,
2695 615 2797 691 ut,
2842 614 2974 677 nisi

460 734 486 776 2
512 722 621 803 qui
667 721 823 786 deus
871 722 972 785 vel
1017 739 1204 785 casus
1238 721 1437 802 aliqui
1469 720 1852 798 subvenerit,
1899 721 2058 784 salvi
2105 739 2241 785 esse
2282 739 2694 802 nequeamus.
2771 721 2977 801 Equi-

509 828 672 904 dem,
717 829 793 891 ut
838 827 982 892 veni
1028 828 1111 892 ad
1155 828 1399 905 urbem,
1444 846 1573 890 non
1620 826 1841 891 destiti
1881 827 2092 891 omnia
2138 830 2204 890 et
2250 828 2485 891 sentire
2533 829 2599 892 et
2645 826 2855 891 dicere
2908 829 2978 891 et

506 933 713 999 facere
734 982 749 1011 ,
825 952 986 1015 quae
1053 933 1131 997 ad
1198 933 1595 998 concordiam
1659 933 2090 1015 pertinerent;
2166 932 2276 997 sed
2341 934 2579 997 mirus
2642 934 2979 998 invaserat

506 1041 715 1105 furor
761 1059 887 1104 non
935 1041 1141 1105 solum
1185 1040 1514 1124 improbiS,
1571 1039 1684 1104 sed
1733 1040 1927 1103 etiam
1974 1040 2078 1116 iis,
2136 1040 2244 1121 qui
2290 1040 2436 1104 boni
2482 1040 2827 1117 habentur,
2887 1042 2979 1104 ut

506 1166 844 1231 pugnare
912 1148 1279 1230 cuperent
1341 1165 1451 1212 me
1517 1147 1899 1211 clamante
1962 1146 2159 1210 nihil
2224 1165 2388 1210 esse
2453 1147 2690 1210 bello
2755 1148 2980 1211 civili

507 1255 885 1318 miserius,
982 1251 1212 1334 Itaque
1279 1273 1425 1317 cum
1482 1253 1767 1318 Caesar
1822 1253 2103 1317 amentia
2171 1253 2446 1334 quadam
2502 1256 2838 1336 raperetur
2910 1255 2981 1318 et

510 1359 743 1425 oblitus
788 1360 1061 1424 nominis
1110 1362 1305 1442 atque
1352 1360 1664 1425 honorum
1711 1379 1974 1424 suorum
2028 1359 2478 1436 Ariminum,
2535 1359 2980 1436 Pisaurum,

507 1468 913 1543 Anconam,
945 1467 1334 1531 Arretium
1368 1466 1927 1548 occupavisset,
1958 1466 2217 1529 urbem
2248 1466 2738 1547 reliquimus;
2773 1484 2981 1547 quam

460 1585 484 1627 ³
510 1572 831 1656 sapienter
886 1574 1001 1636 aut
1057 1591 1251 1654 quam
1305 1572 1582 1649 fortiter,
1636 1572 1799 1636 nihil
1855 1572 2088 1636 attinet
2135 1571 2475 1655 disputari3
2533 1590 2657 1653 quo
2708 1571 2979 1653 quidem

506 1679 575 1742 in
623 1697 775 1743 casu
823 1678 1041 1756 simne,
1087 1678 1280 1743 vides.
1356 1678 1678 1742 Feruntur
1710 1679 1965 1743 omnino
2013 1678 2498 1743 condiciones
2546 1679 2635 1743 ab
2682 1678 2850 1756 illc,
2902 1681 2984 1742 ut

507 1785 849 1868 Pompeius
898 1788 1003 1849 eat
1048 1786 1115 1848 in
1160 1785 1557 1867 Hispaniam,
1604 1785 1894 1863 dilectus,
1943 1786 2054 1866 qui
2100 1788 2254 1850 sunt
2283 1786 2502 1863 habiti,
2551 1787 2618 1849 et
2646 1785 2981 1869 praesidia

507 1894 730 1956 nostra
796 1891 1240 1963 dimittantur.;
1312 1908 1379 1954 se
1454 1891 1823 1955 ulteriorem
1890 1890 2168 1956 Galliam
2230 1892 2539 1968 DomitiO,
2610 1892 2980 1956 citeriorem

510 1997 805 2062 Considio
853 1997 1141 2062 Noniano
1186 2031 1275 2041 -—
1321 1996 1421 2060 his
1470 1996 1641 2060 enim
1681 1997 2047 2079 obtigerunt
2090 2033 2179 2044 —
2225 1998 2646 2072 traditurum3
2697 1998 2779 2062 ad
2829 2018 2984 2062 con-

512 2105 763 2169 sulatus
818 2104 1192 2186 petitionem
1250 2121 1317 2166 se
1373 2104 1743 2181 venturum,
1798 2122 2005 2184 neque
2062 2122 2129 2167 se
2184 2104 2315 2168 iam
2369 2105 2531 2168 velle
2588 2105 2861 2168 absente
2912 2123 2981 2169 se

510 2211 822 2275 rationem
852 2211 1074 2274 haberi
1107 2228 1321 2282 suam3
1372 2227 1438 2273 se
1470 2211 1877 2291 praesentem
1922 2210 2166 2273 trinum
2195 2209 2552 2274 nundinum
2592 2210 2980 2292 petiturum.

509 2340 680 2347 mem
843 2339 936 2345 *——›

510 2406 717 2472 diesen,
772 2405 922 2459 rasch
962 2422 1026 2457 zu
1062 2402 1289 2458 handeln
1327 2403 1433 2458 und
1486 2403 1569 2458 die
1605 2403 2170 2472 Mobilmachung
2218 2403 2311 2457 der
2347 2402 2552 2472 Gegner
2602 2421 2666 2458 zu
2720 2407 2981 2459 storen.

509 2495 582 2548 Er
616 2495 851 2548 besetzte
888 2492 1051 2546 daher
1079 2492 1161 2546 die
1188 2493 1511 2561 Zugange
1549 2493 1720 2547 nach
1759 2492 2281 2547 Mittelitalien
2316 2495 2369 2562 (ἓ
2396 2494 2452 2559 2)
2487 2492 2595 2546 und
2631 2494 2983 2547 marschierte

510 2583 602 2635 auf
634 2582 726 2635 der
751 2581 851 2634 Via
878 2580 1133 2634 Flaminia
1171 2598 1276 2635 vor.
1333 2581 1431 2634 Die
1457 2582 1748 2636 Senatoren
1775 2581 2062 2635 fliichteten
2090 2581 2297 2651 planlos
2325 2598 2421 2634 aus
2448 2581 2580 2634 Rom
2618 2582 2757 2635 nach
2785 2582 2984 2636 Unter·

510 2671 693 2724 italien
730 2670 837 2725 und
873 2669 1058 2723 liessen
1089 2669 1173 2722 die
1198 2669 1534 2739 Hauptstadt
1561 2670 1695 2723 ohne
1723 2669 1917 2724 Schutz
1946 2669 2056 2723 und
2083 2670 2217 2724 ohne
2245 2670 2563 2738 Regierung.
2628 2669 2684 2723 N
2685 2671 2986 2740 ochmalige

510 2758 1119 2827 Vergleichsvorsehlii-ge
1156 2758 1346 2812 Casars
1383 2760 1433 2827 (ξ
1471 2760 1530 2824 3)
1571 2760 1784 2813 fiihrten
1822 2776 1886 2813 zu
1924 2758 2125 2812 keinem
2161 2758 2435 2826 Ergebnis.
2509 2758 2626 2812 Von
2663 2757 2847 2829 Capua
2885 2776 2984 2813 aus

509 2851 632 2914 (nos
669 2846 925 2915 Capuam
960 2847 1290 2915 sumpsimus
1326 2847 1481 2917 epist.
1518 2847 1716 2914 XVIII,
1754 2849 1810 2913 3)
1860 2847 2064 2902 schrieb
2111 2846 2288 2902 Cicero
2340 2847 2529 2900 scine
2576 2846 2984 2901 Eindriicke

509 2936 698 2990 wieder
734 2953 800 2989 an
838 2936 959 2989 Tiro
997 2936 1130 2989 nach
1166 2936 1374 2989 Patrae.

661 3038 702 3078 1.
754 3025 819 3078 in
865 3042 988 3079 eum
1026 3026 1201 3080 locum
1236 3040 1322 3079 res
1360 3024 1604 3078 deducta
1641 3024 1742 3091 est]
1795 3025 1922 3091 „die
1958 3026 2095 3094 Lage
2143 3026 2218 3080 ist
2268 3024 2448 3078 soweit
2494 3025 2805 3092 gekommen
2822 3068 2834 3092 ,
2889 3025 2982 3078 der

509 3113 664 3167 Staat
698 3114 774 3166 ist
808 3114 864 3166 in
901 3114 1015 3167 eine
1052 3112 1224 3166 solche
1260 3112 1399 3180 Lage
1435 3112 1800 3180 gekommen“.

656 3210 703 3253 2.
742 3201 986 3255 amentia
1020 3200 1285 3269 quadam]
1323 3201 1455 3254 Vom
1492 3200 1835 3270 Standpunkt
1880 3201 1971 3254 des
2017 3202 2408 3255 konservativen
2446 3200 2699 3255 Senator-s
2737 3219 2849 3255 war
2887 3202 2984 3256 das

509 3279 915 3342 Uberschreiten
954 3288 1044 3342 des
1081 3288 1429 3343 historischen
1470 3287 1922 3343 Grenzfflil'schens
1957 3289 2042 3343 ein
2078 3288 2385 3343 Wahnsinn.
2437 3319 2510 3328 —
2556 3289 2710 3344 nihil
2744 3289 2983 3359 attinet]

511 3393 611 3443 „es
658 3377 861 3430 kommt
909 3377 1058 3430 nicht
1104 3378 1294 3431 darauf
1335 3394 1426 3444 an,
1479 3377 1610 3430 thut
1655 3377 1832 3430 nichts
1878 3393 1972 3431 zur
2016 3377 2239 3430 Sache“.
2312 3377 2467 3431 Diese
2514 3377 2839 3447 Bedeutung
2884 3379 2987 3432 hat

509 3465 717 3520 attinet
753 3481 854 3518 nur
891 3465 948 3518 in
982 3464 1359 3519 verneinendcn
1397 3465 1606 3519 Satzen.

656 3567 702 3609 3.
749 3553 996 3621 omnino]
1036 3596 1067 3621 „
1080 3554 1425 3622 allerdings“.
1478 3585 1545 3592 —
1593 3555 1660 3607 in
1693 3553 2063 3622 Hispaniam]
2110 3553 2204 3606 das
2240 3553 2352 3606 ihm
2387 3553 2480 3606 auf
2508 3553 2626 3607 ffinf
2656 3554 2693 3609 J
2694 3555 2825 3609 ahre
2863 3573 2987 3610 vom

507 3642 556 3696 J.
596 3642 667 3696 54
704 3643 769 3696 ab
808 3642 973 3696 durch
1010 3642 1093 3696 die
1130 3642 1541 3712 Abmachungen
1578 3660 1676 3697 von
1704 3643 1872 3696 Lucca
1907 3642 1988 3695 als
2015 3642 2235 3696 Provinz
2272 3642 2373 3695 mit
2407 3642 2808 3711 ausgedehnten
2836 3645 2987 3700 Voll-

508 3731 753 3785 machten
790 3731 1036 3785 zuerteilt
1062 3747 1185 3785 war.
1251 3731 1401 3785 Statt
1435 3731 1624 3785 dessen
1659 3731 1793 3785 hielt
1827 3747 1886 3784 er
1920 3731 1977 3784 in
2004 3731 2138 3785 Rom
2164 3730 2276 3785 Hof
2307 3730 2416 3784 und
2452 3730 2642 3784 suchte
2671 3731 2988 3803 Stimmung

507 3819 592 3872 fiir
646 3819 758 3872 sich
812 3837 875 3873 zu
931 3820 1163 3875 machen.
1221 3850 1289 3858 —
1343 3820 1414 3874 L.
1463 3819 1747 3875 Domitius
1793 3818 2213 3888 Ahenobarbus]
2269 3819 2354 3873 ein
2405 3819 2719 3873 erbitterter
2768 3819 2989 3891 Gegner

509 3906 714 3975 Casars,
751 3907 801 3962 J.
840 3907 913 3963 54
948 3909 1168 3977 Konsul,
1205 3908 1520 3977 verteidigte
1554 3907 1786 3961 nachher
1821 3906 2103 3962 Corfinium
2139 3924 2308 3977 gegen
2338 3908 2509 3976 jenen.
2549 3936 2617 3946 -
2657 3908 2745 3962 M.
2788 3909 2985 3966 Consi-

508 3995 691 4051 sidius
725 3996 1049 4064 Nonianus]
1100 3997 1193 4051 der
1227 3997 1298 4051 52
1334 3997 1525 4050 Prator
1558 4011 1794 4063 gewesen
1830 4012 1953 4050 war.
2004 4025 2065 4035 —
2121 4012 2177 4051 se
2215 3996 2435 4051 absente
2469 3996 2753 4051 rationem
2790 3998 2989 4054 haberi

508 4084 692 4152 suam]
729 4085 836 4139 Des
863 4085 1130 4154 grosseren
1158 4085 1500 4139 Nachdrueks
1526 4083 1715 4137 halber
1741 4086 1884 4138 statt
1908 4086 2001 4139 sui
2029 4085 2272 4139 absentis
2296 4085 2567 4139 rationem
2591 4084 2812 4140 haberi.
2882 4087 2988 4141 Zur

509 4172 671 4226 Saehe
710 4190 753 4227 s.
793 4191 856 4227 zu
892 4175 1048 4244 epist.
1076 4173 1246 4239 XVII,
1284 4173 1334 4226 2.
1375 4200 1442 4210 —
1481 4172 1693 4227 trinum
1727 4173 2067 4240 nundinum]
2104 4173 2205 4227 Die
2232 4173 2348 4227 Zeit
2383 4172 2641 4226 zwischen
2679 4170 2799 4228 drei
2834 4175 2989 4229 Nun·

509 4259 665 4314 dinen
704 4286 770 4305 =
813 4263 879 4316 17
917 4262 1059 4331 Tage
1096 4278 1204 4317 war
1240 4261 1324 4315 die
1359 4261 1600 4314 kiirzeste
1635 4260 1806 4327 Frist,
1856 4262 1940 4315 die
1991 4261 2247 4315 zwischen
2281 4260 2537 4328 Meldung
2571 4262 2684 4315 und
2722 4261 2989 4317 Wahlakt

508 4348 784 4403 verfiossen
822 4351 933 4405 sein
970 4350 1181 4403 musste.
1253 4348 1565 4405 andinae
1609 4352 1777 4404 neunt
1820 4366 1941 4403 man
1986 4351 2087 4403 den
2123 4366 2192 4403 an
2221 4349 2396 4417 jedem
2430 4350 2624 4475 zohten
2660 4350 2782 4419 Tag
2818 4354 2990 4406 statt-
