3146 4826
21 2904 24 2997 2-v-†
20 2536 30 2891 vassrfiffir-ss-qu
21 2464 24 2519 ——w
21 2413 24 2447 “⁷
21 2365 24 2378 ν
21 2287 24 2338 μὴν
21 2255 24 2270 -τ
21 2211 24 2226 -
21 2129 22 2138 ⁴

943 341 1203 397 Ciceronis
1238 343 1495 413 epistulae
1530 344 1754 398 selectae
1788 344 1925 399 LIX.
2559 342 2663 405 211

198 502 410 578 tibus,
467 521 547 566 ne
567 591 572 595 ι
595 520 848 567 aversos
893 505 1145 572 nestros
1194 504 1710 586 adgrederentur.
1799 505 2068 569 Interim
2128 505 2308 570 video
2364 524 2466 571 me
2525 525 2662 573 esse
2783 595 2787 598 Α

198 609 374 673 inter
417 609 812 673 Antonianos
858 610 1335 692 Antoniumque
1394 614 1541 694 post
1595 630 1699 675 me
1756 629 1894 676 esse
1943 611 2286 693 aliquanto.
2377 613 2663 697 Repente

199 733 447 797 equum
491 715 730 780 immisi
776 716 857 780 ad
894 734 1037 781 eam
1067 716 1384 799 legionem
1413 717 1713 796 tironum,
1760 736 1924 801 quae
1955 717 2250 783 veniebat
2295 737 2368 783 ex
2416 720 2664 797 castris,

201 823 388 886 scuto
446 822 697 886 reiecto.
786 822 1132 886 Antoniani
1191 842 1295 887 me
1351 823 1638 906 insequi3
1698 825 1904 889 nostri
1946 825 2080 908 pila
2125 825 2406 890 conicere
2433 910 2439 916 ι
2465 826 2661 891 velle:

199 929 301 992 ita
344 928 555 992 nescio
601 946 729 1010 quo
775 928 907 993 fato
957 948 1102 994 sum
1150 931 1461 1006 servatuS‚
1510 930 1680 1012 quod
1727 949 1873 995 sum
1918 930 2042 996 cito
2091 949 2129 995 a
2172 931 2407 999 nostris
2454 933 2664 1013 cogni-

198 1036 333 1098 tus.
421 1032 500 1097 In
558 1033 698 1117 ipsa
756 1034 1058 1113 Aemilia,
1127 1035 1237 1100 ubi
1297 1037 1520 1101 cohors
1583 1035 1876 1101 Caesaris
1933 1037 2253 1119 praetoria
2313 1039 2453 1103 erat
2469 1086 2485 1116 ,
2553 1038 2663 1103 diu
2687 1056 2710 1095 ⁴

197 1141 565 1223 pugnatum
613 1142 730 1205 est.
822 1140 1036 1205 Cornu
1084 1142 1443 1206 sinisterius
1459 1189 1475 1218 ‚
1537 1143 1707 1224 quod
1755 1144 1894 1207 erat
1938 1142 2251 1208 infirmius
2267 1192 2282 1222 ‚
2336 1144 2449 1208 ubi
2493 1144 2664 1209 Mar-

165 1245 334 1310 tiae
388 1246 653 1328 legionis
711 1246 873 1311 duae
930 1247 1221 1312 cohortes
1282 1249 1466 1312 erant
1511 1249 1579 1312 et
1617 1248 1840 1313 cohors
1885 1249 2233 1331 praetoria,
2293 1248 2521 1332 pedem
2566 1268 2665 1315 re-

197 1350 369 1416 ferre
416 1353 759 1435 coeperunt
775 1400 790 1430 ‚
848 1352 1018 1434 quod
1065 1354 1144 1417 ab
1190 1353 1486 1435 equitatu
1531 1345 2035 1419 circumibantur
2048 1402 2063 1432 ‚
2124 1373 2248 1438 quo
2307 1356 2410 1422 vel
2463 1356 2664 1439 pluri-

198 1475 385 1523 mum
445 1459 620 1523 valet
675 1458 1009 1523 Antonius.
1117 1458 1282 1524 Cum
1342 1477 1613 1524 omnes
1676 1478 1759 1524 se
1817 1460 2338 1543 recepissent
2395 1464 2665 1527 nostri

201 1564 476 1641 ordines,
523 1564 802 1648 recipere
832 1583 936 1630 me
967 1565 1353 1630 novissimus
1386 1566 1563 1649 coepi
1595 1566 1676 1630 ad
1708 1568 1922 1631 castra
1943 1587 1959 1640 ς
2005 1568 2064 1630 A
2076 1585 2121 1631 n
2133 1568 2164 1631 t
2179 1586 2214 1631 o
2229 1567 2368 1631 niu
2385 1585 2416 1632 s
2462 1569 2493 1632 t
2508 1586 2548 1632 a
2559 1586 2665 1633 m-

201 1688 445 1753 quam
498 1672 773 1736 victor
827 1673 1102 1737 castra
1153 1672 1491 1756 putavit
1546 1691 1627 1737 se
1672 1690 1911 1756 posse
1958 1690 2282 1756 capere:
2347 1692 2471 1755 quo
2519 1688 2664 1740 cum

198 1778 398 1855 venit,
445 1778 802 1860 complures
847 1778 935 1844 ibi
982 1778 1199 1843 amisit
1242 1797 1360 1844 nec
1406 1779 1539 1862 egit
1585 1779 1948 1861 quicquam.

382 1883 625 1948 Audita
666 1903 736 1949 re
782 1884 1068 1949 Hirtiu
1093 1903 1124 1950 s
1172 1904 1320 1950 cum
1367 1886 1732 1951 cohortibus
1778 1904 1874 1950 xx
1917 1886 2236 1951 veteranis
2282 1887 2664 1953 redeunti

197 1991 559 2055 Antonio
616 1991 695 2054 in
752 2009 895 2055 sua
941 1993 1220 2056 castra
1266 1992 1631 2056 occurrit
1677 1991 2121 2075 copiasque
2170 1993 2344 2058 eius
2391 2011 2662 2058 omnes

202 2097 247 2160 d
263 2096 335 2160 el
349 2116 382 2161 e
397 2097 521 2161 vit
564 2096 597 2160 f
609 2117 653 2161 u
668 2117 712 2179 g
725 2112 763 2160 a
776 2097 853 2162 vi
866 2099 897 2162 t
912 2115 955 2180 q
970 2118 1015 2162 u
1029 2116 1063 2162 e
1110 2098 1333 2162 eodem
1378 2098 1534 2175 loco,
1580 2097 1693 2162 ubi
1723 2099 1864 2162 erat
1891 2100 2270 2181 pugnatum,
2316 2097 2398 2164 ad
2427 2099 2665 2165 Forum

205 2202 541 2268 Gallorum
559 2225 575 2278 ;
623 2204 938 2268 Antonius
985 2222 1135 2269 cum
1168 2204 1492 2287 equitibus
1521 2204 1680 2269 hora
1710 2204 1913 2269 noctis
1946 2207 2177 2286 quarta
2223 2223 2292 2270 se
2335 2206 2404 2269 in
2451 2207 2662 2272 castra

204 2327 325 2374 sua
371 2310 453 2374 ad
499 2310 822 2375 Mutinam
864 2311 1105 2393 recepit
1122 2332 1138 2385 ;
1184 2310 1437 2375 Hirtius
1482 2310 1549 2375 in
1597 2328 1673 2375 ea
1719 2312 1930 2375 castra
1975 2310 2191 2388 rediit,
2236 2311 2407 2376 unde
2450 2310 2663 2377 Pansa
2687 2329 2712 2367 ⁵

131 2492 136 2496 ,
204 2416 471 2495 exierat,
532 2416 645 2482 ubi
690 2416 850 2482 duas
895 2418 1177 2500 legiones
1223 2418 1601 2500 reliquerat,
1662 2435 1825 2500 quae
1882 2418 1961 2483 ab
2007 2417 2279 2482 Antonio
2328 2419 2512 2482 erant
2557 2437 2665 2502 op·

201 2524 547 2607 pugnatae.
640 2522 747 2589 Sic
788 2525 1111 2609 partem
1154 2523 1537 2588 maiorem
1585 2542 1918 2589 suarum
1964 2524 2375 2607 copiarum
2420 2526 2666 2590 Anto-

202 2629 406 2694 nius·
435 2629 719 2694 amisit
763 2631 1375 2705 veteranarum3
1433 2649 1551 2695 nec
1595 2630 1662 2694 id
1706 2632 1927 2695 tamen
1974 2630 2109 2695 sine
2157 2630 2375 2713 aliqua
2416 2630 2666 2695 iactura

204 2735 565 2801 cohortium
607 2736 1075 2819 praetoriarum
1118 2738 1485 2801 nostrarum
1531 2739 1599 2801 et
1640 2736 1907 2820 legionis
1938 2736 2210 2800 Martiae
2254 2735 2393 2800 fieri
2435 2735 2665 2819 potuit.

202 2842 476 2924 Aquilae
524 2842 716 2920 duae,
774 2841 958 2923 signa
1010 2861 1098 2906 Lx
1145 2843 1300 2907 sunt
1342 2842 1549 2906 relata
1593 2841 1870 2906 Antonii.
1960 2841 2117 2906 Res
2175 2841 2373 2907 bene
2430 2842 2669 2923 gesta

208 2967 242 3014 e
261 2951 353 3013 st.
442 2952 519 3013 A.
564 2948 623 3012 d.
668 2967 825 3012 xvn.
870 2948 952 3013 K.
996 2949 1150 3013 Mai.
1196 2967 1272 3013 ex
1318 2948 1564 3014 castris.

204 3247 399 3302 Feinde
432 3249 490 3302 in
534 3248 749 3302 Rticken
785 3248 895 3302 und
920 3246 1117 3302 Flanke
1155 3247 1315 3303 fallen
1350 3247 1525 3302 lassen
1553 3246 1745 3301 wollte.
1789 3277 1854 3286 -
1901 3262 2045 3316 quac
2069 3246 2324 3303 veniebat
2350 3261 2418 3303 a
2442 3247 2665 3318 castra]

204 3335 307 3390 Die
331 3336 605 3392 Rekruten
640 3337 732 3391 des
759 3336 933 3391 Pansa
967 3337 1155 3390 kamen
1182 3353 1285 3390 nur
1318 3336 1558 3405 langsam
1593 3351 1690 3389 aus
1724 3335 1891 3389 ihrem
1917 3335 2102 3404 Lager.
2140 3363 2209 3374 --
2245 3339 2406 3390 scuto
2438 3335 2662 3405 reiecto]

204 3423 311 3478 Um
365 3425 478 3479 sich
529 3442 698 3494 gegen
743 3422 1031 3480 Geschosse
1085 3424 1162 3478 im
1205 3423 1420 3478 Rticken
1474 3440 1539 3478 zu
1587 3423 1781 3478 decken
1795 3464 1809 3490 ‚
1862 3422 1999 3477 hielt
2043 3421 2213 3478 Galba
2257 3422 2437 3478 seinen
2482 3421 2665 3477 Schild

205 3511 385 3567 hinter
421 3513 549 3568 sich.

351 3632 400 3674 4.
454 3620 521 3677 in
553 3619 681 3689 ipsa
715 3617 994 3686 Aemilia]
1046 3634 1118 3672 sc.
1167 3618 1291 3685 via,
1354 3616 1439 3672 die
1483 3634 1585 3672 von
1632 3616 1930 3671 Ariminum
1974 3617 2109 3671 nach
2155 3616 2428 3672 Placentia
2468 3616 2662 3673 ffihrte.

204 3707 306 3761 Die
339 3707 687 3763 Iaeibkohorte
720 3704 1002 3762 Octavians
1037 3706 1192 3760 hatte
1240 3705 1352 3759 also
1387 3706 1472 3759 die
1520 3705 1726 3760 Sti-asse
1774 3705 1947 3761 selbst
2000 3723 2066 3759 zu
2111 3705 2311 3760 halten.
2364 3733 2432 3745 —
2471 3705 2666 3765 cohors

198 3795 519 3865 praetoria]
573 3795 659 3850 die
712 3794 806 3849 des
848 3793 1079 3849 Hirtius.
1138 3822 1205 3833 -·
1261 3798 1543 3864 tamquam
1595 3793 1793 3861 victor]
1853 3835 1884 3861 ‚‚
1897 3794 1954 3849 in
2008 3793 2127 3847 dem
2164 3791 2422 3862 Glauben,
2476 3810 2535 3848 er
2587 3794 2664 3849 sei

204 3882 431 3952 Sieger“
472 3906 538 3928 ==
577 3887 648 3947 ὡς
682 3900 726 3937 c.
763 3882 910 3938 Part.
960 3911 1029 3923 —
1078 3897 1179 3938 ‘nec
1214 3882 1327 3952 eqit
1359 3881 1681 3952 quicquam]
1718 3881 1873 3949 „und
1908 3882 2134 3936 richtete
2167 3881 2346 3938 nichts
2381 3882 2542 3938 aus“.
2593 3917 2666 3929 -

206 3972 472 4041 eccam-it]
506 3972 658 4026 nicht
695 3970 1072 4041 ,‚begegnen“‚
1110 3970 1335 4026 sondern
1372 3973 1679 4040 „entgegen
1714 3970 1950 4039 gehen“.

353 4091 400 4133 5.
457 4077 603 4134 duas
640 4077 896 4148 hyemes]
932 4077 1033 4132 Die
1070 4077 1300 4132 anderen
1335 4076 1522 4133 beiden
1554 4076 2067 4145 Bekrutenlegionen
2101 4093 2276 4131 waren
2320 4077 2406 4131 ins
2442 4073 2664 4132 Gefecht

204 4183 434 4237 gezogen
468 4166 693 4222 worden.
732 4196 800 4206 -
835 4166 1025 4239 siqua]
1071 4165 1367 4221 Abzeichen
1415 4165 1509 4220 der
1542 4164 1828 4236 Manipeln.
1901 4163 1986 4218 Da
2019 4164 2283 4219 Antonius
2333 4165 2368 4218 2
2402 4163 2664 4233 Legionen

205 4279 277 4301 ε·-
309 4256 383 4314 30
417 4254 687 4326 Manipeln
728 4255 809 4309 'im
858 4253 1080 4311 Gefccht
1123 4255 1323 4325 gehabt
1370 4254 1523 4308 hatte
1538 4296 1551 4322 ,
1602 4252 1757 4309 fielen
1802 4252 1914 4307 also
1962 4252 2065 4307 alle
2099 4251 2438 4307 Feldzeichen
2484 4251 2543 4306 in
2578 4251 2664 4306 die

205 4343 397 4401 nando
432 4344 527 4399 der
561 4342 996 4414 Senatstruppen.
2120 4430 2188 4484 14
2203 4430 2235 4464 φ
