3146 4826
995 330 1255 385 Ciceronis
1291 332 1550 401 epistulae
1588 333 1810 386 selectae
1845 332 1964 386 ΧΠ.
2634 331 2706 390 58

238 489 288 551 L
303 509 348 552 u
364 507 537 553 cam
585 490 665 553 ad
704 489 1048 556 Caesarem
1093 491 1284 555 venit.
1360 492 1460 555 Ibi
1504 494 1712 557 multa
1756 493 1834 557 de
1880 511 2024 558 mea
2072 494 2388 559 sententia
2436 496 2703 576 questus

238 596 338 658 est
386 594 645 673 Caesar,
694 597 929 678 quippe
978 597 1087 677 qui
1133 597 1328 660 etiam
1373 598 1717 663 Ravennae
1765 598 2070 664 Crassum
2120 601 2268 664 ante
2314 599 2578 665 vidisset
2624 601 2705 665 ab

239 719 441 782 eoque
504 703 574 764 in
631 720 737 766 me
799 705 971 766 esset
1029 702 1344 767 incensus.
1439 703 1605 768 Sane
1667 705 1934 769 moleste
1981 705 2357 789 Pompeium
2414 706 2478 769 id
2538 705 2704 771 ferre

237 808 611 881 constabat;
684 808 854 890 quod
914 827 1060 890 ego,
1130 828 1278 873 cum
1338 809 1662 875 audissem
1722 829 1796 874 ex
1855 811 2028 888 aliis,
2096 812 2368 876 maxime
2430 832 2504 876 ex
2563 831 2705 877 meo

236 912 436 977 fratre
512 914 792 995 cognovi.
898 913 1105 993 Quem
1174 934 1322 981 cum
1381 916 1448 979 in
1511 914 1803 981 Sardinia
1861 917 2202 1000 Pompeius
2271 918 2490 1000 paucis
2559 921 2706 1001 post

236 1019 463 1084 diebus
482 1069 497 1096 ,
558 1039 756 1101 quam
800 1021 977 1085 Luca
1024 1021 1434 1097 discesserat,
1498 1023 1924 1100 convenisset,
1983 1028 2135 1100 ‚,te“
2181 1025 2393 1106 inquit
2447 1024 2705 1107 „ipsum

236 1128 457 1209 cupio;
521 1127 683 1190 nihil
742 1128 1157 1211 opportunius
1216 1128 1427 1210 potuit
1486 1128 1804 1193 accidere:
1863 1129 1989 1193 nisi
2050 1148 2199 1195 cum
2242 1129 2460 1194 Marco
2505 1129 2703 1194 fratre

235 1232 580 1313 diligenter
627 1233 860 1314 egeriS,
921 1233 1402 1316 dependendum
1465 1235 1583 1298 tibi
1646 1237 1774 1311 est,
1835 1235 2001 1317 quod
2047 1235 2206 1300 mihi
2250 1254 2363 1318 pro
2410 1236 2517 1299 illo
2565 1254 2707 1318 spo-

232 1338 575 1420 pondisti.“
653 1337 823 1417 Quid
868 1341 1078 1403 multa
1092 1342 1124 1402 ⁴?
1174 1342 1441 1420 questus
1491 1343 1591 1405 est
1636 1341 1948 1422 graviter;
1998 1360 2114 1406 sua
2159 1342 2390 1405 merita
2431 1360 2706 1406 comme-

234 1445 549 1518 moravit;
600 1444 753 1526 quid
800 1447 1037 1528 egisset
1082 1447 1449 1529 saepissime
1497 1446 1575 1511 de
1637 1447 1800 1511 actis
1847 1447 2139 1512 Caesaris
2187 1467 2334 1512 cum
2380 1450 2516 1531 ipso
2564 1467 2705 1513 meo

235 1550 435 1615 fratre
500 1551 781 1634 quidque
843 1553 964 1617 sibi
1021 1553 1077 1616 is
1138 1553 1215 1618 de
1273 1572 1376 1617 me
1435 1554 1813 1636 recepisset,
1880 1554 1947 1617 in
2015 1555 2389 1618 memoriam
2459 1552 2706 1635 redegit

237 1676 455 1738 seque,
506 1675 668 1738 quae
718 1658 795 1722 de
841 1677 987 1723 mea
1032 1659 1239 1723 salute
1272 1659 1525 1741 egisset,
1571 1660 1902 1724 voluntate
1936 1659 2225 1724 Caesaris
2259 1659 2461 1741 egisse
2491 1660 2705 1742 ipsum

235 1783 459 1828 meum
518 1764 789 1829 fratrem
851 1768 1131 1830 testatus
1192 1767 1308 1829 est.
1401 1764 1602 1831 Cuius
1663 1784 1924 1830 causam
1985 1765 2490 1847 dignitatemque
2548 1766 2707 1829 mihi

235 1873 312 1934 ut
362 1871 869 1948 commendaret,
927 1872 1181 1953 rogavit
1225 1875 1303 1935 ut
1350 1890 1492 1937 eam
1535 1891 1617 1936 ne
1664 1890 2129 1956 oppugnarem,
2190 1873 2244 1936 si
2299 1872 2535 1937 nollem
2592 1875 2706 1936 aut

238 1995 368 2041 non
427 1995 683 2060 possem
747 1979 932 2042 tueri.
1022 1978 1200 2043 Haec
1259 1998 1406 2042 cum
1467 1978 1546 2042 ad
1606 1997 1709 2042 me
1768 1979 1968 2044 frater
2025 1979 2395 2062 pertulisset
2448 1981 2512 2044 et
2559 1998 2705 2044 cum
2733 1991 2883 2047 ⁷(to)

238 2086 462 2146 tamen
520 2083 862 2167 Pompeius
924 2084 1005 2148 ad
1073 2103 1175 2149 me
1246 2104 1394 2150 cum
1462 2084 1786 2150 mandatis
1830 2085 2188 2150 Vibullium
2249 2086 2561 2161 misisset,
2629 2088 2706 2150 ut

237 2191 571 2270 integrum
616 2191 775 2254 mihi
823 2191 900 2255 de
948 2210 1142 2255 causa
1189 2190 1517 2275 Campana
1580 2191 1661 2255 ad
1720 2211 1912 2256 suum
1972 2191 2249 2257 reditum
2292 2209 2705 2267 reservarem,

239 2296 542 2377 collegi
589 2297 763 2378 ipse
810 2316 926 2361 me
976 2300 1057 2361 et
1104 2317 1276 2360 cum
1322 2299 1501 2380 ipsa
1550 2299 1789 2378 quasi
1847 2317 1928 2362 re
1976 2298 2305 2380 publica
2350 2298 2708 2361 collocu-

236 2473 739 2542 treideversorgung
765 2474 941 2543 (epist.
969 2475 1035 2540 X,
1067 2474 1171 2539 6f.)
1197 2475 1563 2528 auszufiihren.
1624 2474 1997 2529 Thatsiichlich
2023 2475 2153 2543 ging
2179 2492 2236 2528 er
2265 2475 2397 2528 nach
2424 2474 2607 2528 Lucca.
2637 2505 2705 2513 —

232 2561 478 2628 Meam]
530 2561 642 2615 Das
679 2561 936 2629 Ergebnis
987 2563 1080 2616 der
1128 2563 1198 2616 im
1238 2563 1390 2632 April
1436 2563 1552 2617 hier
1602 2562 2020 2617 stattfindenden
2064 2563 2403 2630 Beratungen
2454 2563 2706 2617 zwischen

234 2650 341 2704 den
379 2649 680 2704 Triumvirn
694 2692 707 2714 ,
759 2651 952 2704 welche
1000 2651 1113 2704 sich
1162 2651 1327 2704 durch
1378 2652 1461 2705 die
1509 2651 1746 2719 Angriffe
1795 2652 1887 2705 auf
1912 2650 2121 2706 Casars
2168 2649 2386 2705 Gesetze
2432 2650 2708 2717 gefahrdet

235 2739 422 2803 sahen,
453 2755 563 2791 war
590 2738 685 2791 der
710 2739 901 2792 festere
929 2738 1441 2793 Zusammenschlufs
1470 2740 1739 2794 derselben
1770 2740 1878 2793 und
1906 2740 1990 2793 die
2017 2740 2204 2807 vollige
2222 2738 2588 2806 Vernichtung
2614 2738 2707 2793 der

235 2827 637 2880 senat'orischen
673 2826 1020 2893 Mitwirkung
1056 2844 1123 2879 an
1161 2827 1255 2879 der
1288 2826 1606 2895 Regierung.
1648 2855 1711 2864 —
1750 2826 1907 2894 sane]
1944 2828 2236 2896 gebraucht
2263 2827 2387 2887 Cic..
2425 2826 2706 2880 besonders

233 2914 424 2982 hiufig
468 2915 523 2968 in
571 2915 671 2968 den
708 2915 918 2969 Briefen
967 2932 1035 2968 an
1071 2915 1314 2982 Atticus,
1368 2933 1461 2969 zur
1496 2916 1825 2984 Steigerung.
1899 2915 1971 2970 Es
2019 2932 2127 2969 war
2175 2916 2335 2969 sehon
2382 2916 2453 2967 im
2504 2915 2705 2968 alteren

233 3004 428 3057 Latein
465 3003 653 3057 Ersatz
690 3004 775 3057 fiir
812 3004 908 3058 das
943 3004 1122 3057 friiher
1158 3005 1396 3058 fehlende
1410 3048 1423 3071 ‚
1475 3008 1591 3057 erst
1626 3005 1791 3057 durch
1827 3003 1932 3059 Cic.
1969 3006 2026 3057 in
2073 3004 2156 3057 die
2200 3003 2507 3057 lateinische
2543 3003 2706 3056 Prosa

234 3091 572 3158 eingefiihrte
600 3092 780 3146 valde.
811 3122 877 3131 —
907 3098 959 3146 te
983 3094 1171 3161 ipsum
1197 3089 1378 3163 cupio]
1412 3092 1645 3159 „gerade
1673 3092 1794 3146 dich
1821 3092 2064 3145 wtinsche
2090 3093 2175 3145 ich
2205 3109 2267 3145 zu
2296 3091 2605 3161 sprechen“.
2637 3122 2704 3130 -

235 3180 541 3248 diliyentcr
576 3180 771 3249 eyeris]
820 3183 956 3234 etwa
1007 3197 1164 3234 unser
1215 3182 1341 3248 „ein
1377 3184 1585 3235 ernstes
1620 3180 1776 3234 Wort
1811 3181 2061 3250 sprechen
2076 3182 2125 3247 “,
2176 3180 2402 3235 namlich
2451 3180 2706 3233 hinsicht-

235 3268 348 3320 lich
384 3267 592 3323 Ciceros
629 3268 1061 3322 Wohlverhalten
1109 3286 1276 3338 gegen
1327 3270 1411 3323 die
1447 3269 1713 3323 Tribunen
1729 3311 1741 3335 ‚
1791 3269 1876 3322 fiir
1925 3269 2020 3322 das
2069 3269 2180 3323 sein
2215 3269 2421 3322 Bruder
2457 3267 2704 3333 Quintus,

236 3357 322 3409 als
359 3373 417 3410 er
463 3357 548 3410 fiir
591 3357 685 3410 ihn
724 3357 908 3410 wirkte
924 3399 937 3424 ,
989 3358 1098 3411 sich
1138 3359 1390 3426 verbfirgt
1436 3358 1589 3411 hatte
1639 3357 2013 3426 (spopondisti
2050 3373 2160 3426 pro
2197 3358 2296 3411 illo
2309 3399 2325 3424 ‚
2373 3356 2602 3409 nachher
2639 3356 2707 3409 de

235 3460 324 3497 me
357 3446 688 3513 recepisset).
742 3475 810 3484 ——
859 3446 1001 3513 quid
1033 3447 1214 3500 multa
1228 3443 1274 3517 ἓ]
1323 3446 1478 3500 Form
1515 3447 1608 3499 der
1643 3446 1923 3500 Revocatio
1938 3489 1951 3514 ‚
1998 3446 2164 3499 durch
2201 3446 2284 3498 die
2320 3461 2377 3498 er
2414 3461 2507 3496 zur
2540 3443 2706 3497 Sache

234 3535 293 3600 („
306 3532 487 3603 Pomp.
517 3550 627 3586 war
653 3534 956 3602 unwillig“)
992 3535 1367 3588 zuriickkehrt:
1407 3536 1577 3602 „kurz
1604 3535 1714 3588 und
1739 3536 1899 3603 gut“.
1962 3534 2031 3587 So
2059 3534 2193 3586 auch
2219 3533 2291 3585 im
2318 3530 2704 3599 Griechischen,

236 3640 282 3676 z.
322 3622 386 3675 B.
425 3622 574 3676 Dem.
613 3622 750 3675 Phil.
789 3622 888 3688 HI,
928 3623 1029 3677 59:
1078 3628 1171 3676 καὶ
1209 3629 1267 3676 τί
1301 3624 1392 3677 δεῖ
1426 3626 1495 3677 τὰ
1534 3626 1710 3677 πολλὰ
1748 3626 1957 3692 leytsam
1997 3652 2064 3661 —-
2117 3621 2183 3675 de
2219 3620 2379 3688 actis]
2420 3620 2544 3686 „die
2579 3619 2706 3674 Ver·

234 3713 506 3779 fiigungen
526 3754 540 3777 ,
579 3709 801 3765 Gesetze
837 3712 948 3765 und
982 3711 1436 3779 Anordnungen“,
1486 3711 1570 3764 die
1608 3711 1770 3767 Casar
1806 3711 1890 3764 bei
1935 3711 2028 3764 der
2063 3710 2419 3778 Begriindung
2466 3708 2558 3762 des
2593 3708 2705 3762 Tri-

233 3801 497 3853 umvirats
548 3800 923 3868 durchgesetzt
971 3800 1140 3853 hatte.
1191 3830 1258 3838 —
1306 3800 1596 3854 voluntate
1632 3799 1908 3865 Caesms]
1955 3798 2073 3851 dem
2111 3797 2213 3853 Cic.
2253 3798 2401 3851 nicht
2435 3798 2584 3851 mehr
2618 3814 2705 3866 ge-

234 3889 466 3942 fahrlich
503 3888 700 3942 schien.
740 3918 807 3927 —
846 3888 1032 3955 cuius]
1070 3886 1276 3942 Casars.

386 3982 542 4039 7(10).
595 3976 797 4045 tamen]
849 3976 1151 4044 „trotzdem
1188 3976 1323 4029 noch
1334 3977 1383 4043 “‚
1430 3976 1480 4029 d.
1518 3977 1570 4030 h.
1621 3976 1825 4029 obwohl
1869 3976 2008 4029 mein
2044 3976 2249 4029 Bruder
2284 3976 2388 4028 mir
2423 3976 2583 4028 schon
2618 3975 2704 4028 be·

234 4066 436 4119 richtet
470 4067 642 4119 hatte.
693 4096 761 4105 -
810 4064 1108 4132 Vibullius]
1158 4065 1244 4118 ein
1281 4068 1517 4134 spaterer
1552 4063 1762 4119 Offizier
1805 4065 1897 4118 des
1933 4064 2114 4135 Pomp.
2166 4094 2233 4102 —
2282 4064 2562 4134 inteyrwm
2596 4063 2706 4119 sibi

235 4171 520 4209 reservare
555 4155 646 4222 de]
690 4154 845 4221 „sich
881 4154 1008 4207 freie
1035 4153 1195 4208 Hand
1234 4154 1502 4220 wahren“,
1541 4154 1593 4208 d.
1622 4154 1675 4208 h.
1705 4153 1811 4208 Cic.
1839 4153 1996 4207 sollte
2031 4154 2353 4208 einstweilen
2390 4153 2473 4206 bis
2510 4170 2574 4207 zu
2610 4152 2703 4206 des

233 4243 416 4314 Pomp.
444 4243 732 4297 Riickkehr
768 4243 852 4296 die
878 4243 1298 4311 Angelegenheit
1333 4242 1484 4296 nicht
1515 4260 1610 4297 zur
1636 4243 2015 4311 Verhandlung
2039 4243 2260 4311 bringen
2289 4243 2478 4296 lassen.
2518 4271 2586 4281 -
2621 4256 2706 4294 me

233 4332 452 4401 collem]
489 4331 620 4385 Was
655 4331 771 4385 eine
812 4331 987 4385 solche
1016 4330 1322 4399 Sammlung
1346 4331 1615 4398 bedeutet,
1655 4330 1795 4399 zeigt
1820 4330 1926 4385 Cic.
1954 4330 2106 4384 Tusc.
2134 4331 2186 4397 4,
2215 4331 2246 4398 ξ
2276 4331 2372 4385 78;
2414 4328 2583 4398 „quid
2617 4331 2706 4381 est
