3146 4826
892 321 1154 376 Ciceronis
1190 322 1447 392 epistulae
1483 323 1707 377 selectae
1742 322 1885 378 XIV.
2553 323 2623 383 71

203 483 402 557 actum,
447 500 561 563 ego
606 482 670 544 in
718 483 932 546 castra
979 501 1034 546 a.
1081 483 1138 546 d.
1182 502 1291 546 vn.
1339 484 1418 547 K.
1469 483 1643 566 Sept.
1689 485 1852 562 veni,
1900 503 2047 549 cum
2092 485 2338 550 interea
2383 486 2629 568 superi-

203 590 384 653 oribus
429 588 648 653 diebus
695 607 769 652 ex
818 591 1081 653 senatus
1128 590 1417 654 consulto
1467 592 1532 654 et
1578 592 1986 655 evocatorum
2045 591 2300 656 firmam
2358 610 2625 656 manum

202 698 255 758 et
312 695 658 775 equitatum
722 714 875 759 sane
938 696 1238 760 idoneum
1299 699 1366 760 et
1424 697 1808 779 populorum
1867 697 2214 761 liberorum
2272 715 2624 779 regumque

201 802 476 865 sociorum
521 802 757 865 auxilia
796 803 1159 866 voluntaria
1205 803 1760 885 comparavissem.
1834 803 2104 867 Interim
2149 821 2298 867 cum
2345 803 2625 867 exercitu

202 907 436 971 lustrato
496 909 623 972 iter
682 909 750 971 in
797 908 1086 973 Ciciliam
1147 908 1355 973 facere
1419 910 1795 992 coepissem,
1856 929 1943 972 111.
1988 908 2069 973 Κ.
2118 908 2290 991 Sept.
2336 908 2532 990 legati
2588 927 2627 972 a

201 1032 319 1093 rege
362 1013 784 1097 Commageno
833 1015 913 1078 ad
959 1034 1062 1079 me
1110 1016 1291 1079 missi
1343 1016 1855 1098 pertumultuose
1873 1065 1888 1093 ,
1948 1034 2156 1098 neque
2218 1018 2437 1079 tamen
2497 1032 2625 1078 non

199 1138 331 1196 vere,
371 1120 698 1185 Parthos
731 1123 798 1185 in
833 1121 1086 1205 Syriam
1116 1122 1425 1187 transisse
1457 1123 1951 1196 nuntiaverunt;
2000 1141 2125 1205 quo
2174 1121 2390 1186 audito
2435 1121 2626 1185 vehe-
2647 1143 2676 1183 4

197 1230 408 1290 menter
453 1246 598 1292 sum
648 1231 1002 1292 commotus
1051 1247 1199 1292 cum
1246 1228 1323 1293 de
1374 1228 1588 1311 Syria,
1644 1236 1788 1292 tum
1835 1228 1912 1293 de
1959 1247 2103 1293 mea
2147 1228 2500 1311 provincia,
2546 1226 2623 1291 de

197 1333 404 1414 reliqua
449 1334 726 1415 denique
772 1334 942 1398 Asia.
1016 1334 1246 1415 Itaque
1295 1335 1645 1399 exercitum
1689 1334 1849 1399 mihi
1896 1334 2259 1399 ducendum
2304 1353 2418 1417 per
2463 1332 2627 1415 Cap-

195 1439 456 1519 padociae
502 1441 833 1522 regionem
881 1459 1041 1517 eam,
1090 1460 1254 1522 quae
1288 1440 1577 1505 Ciliciam
1625 1441 1992 1523 attingeret,
2038 1441 2277 1523 putavi.
2353 1439 2524 1503 Nam
2571 1440 2626 1503 si

194 1563 275 1609 me
315 1546 374 1609 in
404 1545 695 1611 Ciliciam
744 1547 1158 1623 demisissem‚
1206 1547 1493 1612 Ciliciam
1543 1547 1802 1629 quidem
1846 1548 2054 1629 ipsam
2096 1548 2354 1629 propter
2384 1545 2624 1609 montis

193 1654 386 1715 Amani
443 1656 750 1717 naturam
811 1653 994 1718 facile
1056 1654 1408 1718 tenuissem
1469 1689 1557 1699 —
1620 1654 1743 1718 duo
1806 1655 1958 1717 sunt
2034 1653 2205 1716 enim
2282 1651 2495 1715 aditus
2557 1651 2625 1713 in

194 1756 444 1823 Ciliciam
490 1779 566 1824 ex
621 1759 837 1842 Syria,
901 1779 1174 1841 quorum
1219 1743 1490 1842 uterque
1537 1760 1751 1843 parvis
1799 1759 2131 1842 praesidiis
2192 1759 2453 1841 propter
2514 1774 2626 1820 an-

195 1865 403 1944 gustias
449 1866 798 1931 intercludi
843 1868 1084 1949 potest,
1129 1885 1247 1930 nec
1293 1869 1393 1931 est
1442 1868 1787 1948 quicquam
1835 1865 2056 1931 Cilicia
2103 1866 2323 1929 contra
2372 1863 2625 1946 Syriam

190 1973 465 2036 munitius
530 2010 653 2049 —-‚
716 1973 826 2037 sed
888 1992 992 2037 me
1048 1972 1449 2056 Cappadocia
1509 1975 1840 2050 movebat,
1902 1991 2063 2055 quae
2125 1973 2307 2055 patet
2353 1989 2392 2034 a
2441 1969 2626 2053 Syria

191 2095 461 2161 regesque
531 2081 731 2144 habet
799 2080 1102 2144 finitimos
1125 2129 1140 2157 ‚
1210 2081 1320 2161 qui
1388 2080 1641 2144 etiamsi
1712 2081 1865 2143 sunt
1933 2080 2099 2143 clam
2171 2077 2358 2141 amici
2425 2077 2624 2151 nobis,

190 2185 375 2248 tamen
419 2188 642 2269 aperte
691 2186 949 2250 Parthis
995 2187 1235 2250 inimici
1282 2205 1420 2251 esse
1465 2205 1593 2250 non
1649 2186 1904 2250 audent.
1993 2184 2222 2265 Itaque
2270 2184 2337 2246 in
2380 2182 2626 2264 Cappa-

187 2288 341 2355 docia
381 2295 670 2357 extrema
715 2311 842 2356 non
888 2293 1072 2374 longe
1121 2311 1159 2356 a
1204 2293 1412 2357 Tauro
1469 2293 1638 2375 apud
1701 2292 2004 2375 oppidum
2051 2290 2352 2373 Cybistra
2413 2290 2625 2353 castra

189 2393 301 2474 feci,
342 2401 412 2462 ut
457 2401 524 2464 et
559 2398 849 2465 Ciliciam
897 2402 1111 2464 tuerer
1159 2400 1225 2464 et
1256 2398 1721 2483 Cappadociam
1754 2400 1979 2464 tenens
2010 2417 2174 2462 nova
2204 2396 2624 2461 finitimorum

186 2505 416 2570 consilia
460 2506 859 2589 impedirem.
935 2506 1192 2571 Interea
1237 2508 1303 2570 in
1349 2507 1469 2570 hoc
1515 2509 1696 2570 tanto
1743 2508 1925 2569 motu
1957 2507 2267 2586 tantaque
2301 2505 2624 2586 exspecta·
2648 2525 2675 2564 ι

189 2610 329 2674 tione
371 2614 638 2677 maximi
692 2614 838 2677 belli
903 2632 1039 2676 rex
1085 2613 1563 2690 Deiotarus„
1627 2613 1727 2677 cui
1787 2631 1914 2676 non
1977 2613 2111 2675 sine
2174 2629 2369 2675 causa
2427 2611 2625 2692 pluri-

308 2836 349 2877 3.
385 2824 761 2891 evocatorum]
798 2824 1040 2893 gediente
1065 2824 1331 2889 Soldaten‚
1369 2825 1470 2890 die,
1509 2840 1567 2876 so
1605 2824 1760 2891 lange
1798 2823 1891 2876 das
1927 2821 2069 2875 Heer
2105 2822 2255 2874 nicht
2290 2819 2624 2888 regelmassig

185 2916 373 2977 ergfinzt
419 2913 629 2979 wurde,
689 2913 774 2966 bei
829 2914 1163 2981 zwingenden
1211 2912 1472 2966 Anlassen
1519 2912 1833 2980 ausgeboten
1882 2911 2153 2976 (evocare)
2209 2908 2438 2962 wurden.
2525 2908 2624 2961 Die

185 3002 398 3066 spateren
434 3003 653 3056 evocati
680 3002 927 3071 Auyusti
962 3002 1196 3070 dagegen
1227 3002 1345 3055 sind
1372 3002 1531 3054 meist
1553 3000 1948 3054 Unteroffiziere
1977 2999 2071 3052 der
2098 2997 2285 3063 Cardo,
2325 2997 2409 3050 die
2435 2997 2626 3066 haupt-

187 3088 387 3142 sachlich
414 3108 479 3144 zu
507 3091 876 3158 biirgerlichen
906 3090 1402 3159 Dienstgeschiiften
1430 3090 1727 3144 verwendet
1765 3088 1992 3142 wurden.
2032 3117 2099 3127 —
2137 3085 2290 3153 sante]
2329 3084 2627 3152 steigernd2

186 3177 415 3239 ,‚recht“.
501 3179 556 3232 S.
607 3195 670 3232 zu
716 3180 870 3249 epist.
908 3179 1039 3245 XII,
1088 3181 1213 3241 6(9).
1266 3209 1333 3217 -
1383 3196 1422 3233 α
1469 3194 1596 3247 reye
1645 3176 2023 3246 Commayeno]
2071 3176 2284 3242 Dieser,
2331 3174 2625 3228 Antiochus

184 3262 422 3321 Asiaticus
461 3268 589 3321 oder
625 3267 1002 3336 Commagenus
1038 3271 1274 3336 genannt
1289 3310 1301 3334 ,
1341 3284 1449 3320 war
1483 3284 1584 3320 von
1619 3267 1800 3336 Pomp.
1840 3266 1931 3319 auf
1965 3265 2049 3319 die
2084 3265 2246 3318 Stadt
2281 3263 2624 3331 Commagene

186 3351 492 3423 beschrz'inkt,
533 3356 660 3410 aber
695 3356 861 3409 durch
898 3356 983 3410 die
1017 3356 1199 3423 billige
1237 3355 1535 3421 Erlaubnis‚
1572 3354 1827 3408 romische
1864 3353 2134 3422 Insignien
2172 3370 2233 3405 zu
2274 3356 2460 3420 tragon
2495 3350 2623 3418 (vgl.

185 3455 344 3496 unsere
379 3443 959 3512 Ordensverleihungen
996 3462 1065 3498 an
1102 3444 1457 3498 iiberseeische
1496 3444 1740 3511 „Konige
1753 3443 1806 3507 ⁶⁶)
1819 3484 1831 3508 ,
1884 3442 1984 3495 den
2020 3442 2247 3495 Romern
2292 3436 2624 3508 verpflichtet

184 3531 302 3584 word
367 3575 378 3586 .

304 3549 364 3674 51
386 3622 674 3689 transisse]
702 3623 833 3675 iiber
859 3622 960 3675 den
988 3621 1245 3692 Euphrat.
1279 3650 1345 3660 —
1376 3621 1488 3675 duo
1516 3619 1735 3688 aditus]
1769 3619 1869 3673 Ein
1897 3619 2019 3673 sehr
2047 3615 2378 3682 schwieriger
2404 3613 2624 3666 Strand-

182 3706 280 3773 pass
313 3709 659 3779 (anqustiae)
668 3751 684 3778 ,
736 3710 819 3763 die
855 3710 1409 3778 kilikisch·syrischen
1445 3708 1640 3774 Thore‚
1688 3708 1796 3762 und
1834 3708 2080 3761 ostwiirts
2117 3705 2210 3758 der
2244 3702 2459 3769 heutige
2496 3700 2623 3755 Pafs

181 3810 265 3847 von
296 3797 476 3852 Beilan
489 3840 502 3864 ,
551 3799 645 3851 der
679 3799 809 3851 iiber
845 3798 947 3851 den
982 3798 1327 3852 Antilibanon
1363 3797 1526 3851 ffihrt.
1601 3797 1700 3849 Die
1736 3786 2120 3850 Ortlichkeiten
2156 3791 2273 3847 sind
2323 3808 2420 3845 aus
2454 3791 2625 3845 Xeno-

181 3883 327 3950 phons
352 3886 614 3940 Anabasis
639 3886 685 3954 Ι,
710 3887 746 3941 4
781 3888 1031 3941 bekannt.
1074 3915 1137 3925 -—-
1175 3903 1276 3942 nee
1303 3891 1383 3941 est
1411 3884 1727 3955 quicquam]
1768 3885 1929 3952 „kein
1953 3884 2160 3937 Land“.
2201 3913 2269 3921 -
2304 3882 2372 3934 in
2398 3881 2621 3950 Cappa-

181 3970 325 4027 docia
358 3975 624 4042 extrema]
666 3992 775 4043 „an
813 3975 905 4028 der
934 3974 1134 4030 Grenze
1169 3992 1269 4029 von
1306 3974 1416 4030 C.“.
1458 4002 1524 4012 —
1560 3973 1727 4040 nova]
1765 3973 1866 4027 mit
1901 3974 2016 4027 dem
2054 3973 2243 4025 ebenso
2278 3970 2375 4024 wie
2410 3970 2467 4022 in
2502 3973 2624 4029 νέος

182 4059 249 4113 oft
270 4060 538 4132 liegenden
563 4063 942 4131 Nebenbegriff
965 4063 1056 4117 des
1086 4064 1448 4131 unangenehm
1471 4053 1954 4116 Uberraschenden.
2009 4062 2077 4115 So
2105 4063 2271 4113 unten
2300 4058 2332 4125 ἓ
2361 4060 2393 4111 6
2421 4058 2623 4111 novari

180 4164 262 4202 von
297 4152 460 4206 einem
497 4153 779 4206 Aufstand.

308 4253 352 4294 5.
388 4241 715 4310 Deiotwrue]
754 4258 854 4295 von
883 4239 1144 4308 Galatien,
1183 4241 1267 4294 ein
1306 4239 1427 4293 sehr
1453 4242 1555 4307 gut
1580 4241 1878 4306 geriisteter
1903 4238 2080 4305 Fiirst,
2121 4237 2213 4290 der
2238 4237 2293 4289 in
2322 4234 2461 4288 allen
2489 4233 2625 4286 asia-

177 4325 364 4382 tischen
389 4328 617 4399 Kriegen
646 4348 711 4384 zu
738 4330 873 4385 Rom
899 4330 1148 4399 gehalten
1184 4329 1336 4382 hatte
1369 4329 1477 4381 und
1506 4328 1659 4380 dafiir
1683 4327 1785 4380 mit
1809 4327 2102 4381 romischen
2128 4321 2625 4392 Rangerhdhungen
