3146 4826
473 347 576 407 114
1193 347 1453 403 Ciceronis
1490 346 1747 416 epistulae
1785 347 2008 401 selectae
2044 345 2207 399 XXV.

471 512 725 576 lestum.
815 510 1082 592 Propius
1140 508 1463 585 accedere,
1518 510 1593 571 ut
1647 507 1904 583 suades,
1970 526 2093 589 quo
2149 506 2335 570 modo
2394 505 2528 570 sine
2584 504 2937 579 lictoribuS,

477 635 633 698 quos
666 616 938 700 populus
972 615 1164 692 dedit,
1208 616 1514 697 possum?
1564 614 1676 695 qui
1706 614 1865 676 mihi
1896 613 2200 677 incolumi
2232 612 2425 676 adimi
2470 630 2598 675 non
2627 612 2937 693 possunt;

476 741 634 804 quos
682 741 795 804 ego
841 740 1013 785 nunc
1058 721 1384 804 paulisper
1430 739 1577 784 cum
1625 720 1870 785 bacillis
1925 720 1992 782 in
2039 718 2297 783 turbam
2344 718 2582 782 conieci
2631 717 2712 780 ad
2760 717 2943 799 oppi-

421 850 450 890 3
476 829 629 893 dum
678 828 1009 905 accedenS,
1064 845 1143 891 ne
1193 826 1335 908 quis
1381 826 1661 909 impetus
1716 826 1998 889 militum
2050 824 2249 888 fieret.
2340 824 2596 907 Recipio
2643 825 2939 905 tempore

473 954 577 999 me
642 935 921 999 domum.
1026 935 1122 997 Tu
1180 952 1351 996 nunc
1412 933 1518 996 adi
1580 931 1886 1015 Oppium,
1957 933 2062 1007 ut,
2133 949 2409 1012 quonam
2472 930 2616 994 istis
2681 930 2948 1011 placeat

474 1040 660 1105 modo
692 1041 950 1125 propius
984 1038 1297 1115 accedere,
1347 1039 1467 1103 hac
1514 1039 1592 1102 de
1639 1057 1707 1102 re
1741 1038 2171 1102 considerent:
2221 1037 2406 1101 credo
2451 1036 2586 1100 fore
2620 1037 2946 1099 auctores,

478 1147 583 1211 Sic
629 1147 797 1210 enim
842 1146 1181 1228 recipiunt,
1238 1145 1548 1210 Caesari
1602 1163 1745 1208 non
1791 1144 2001 1208 modo
2059 1144 2144 1208 de
2202 1142 2748 1219 conservanda,
2807 1142 2948 1205 sed

476 1253 705 1317 etiam
761 1252 845 1316 de
903 1252 1245 1333 augenda
1299 1270 1461 1315 mea
1518 1252 1900 1333 dignitate
1966 1268 2189 1315 curae
2252 1249 2437 1326 fore,
2502 1267 2734 1331 meque
2792 1249 2952 1312 hor-

476 1361 716 1436 tantur,
747 1360 823 1421 ut
852 1376 1084 1439 magno
1118 1358 1328 1422 animo
1362 1358 1500 1434 sim,
1532 1360 1608 1420 ut
1640 1357 1852 1421 omnia
1877 1375 2130 1420 summa
2155 1374 2423 1439 sperem.
2475 1356 2572 1418 Ea
2603 1355 2954 1437 spondent,

477 1465 869 1542 confirmant,
919 1482 1081 1546 quae
1131 1464 1388 1545 quidem
1433 1464 1594 1527 mihi
1626 1464 2043 1546 exploratiora
2091 1464 2321 1539 essent,
2368 1462 2422 1524 si
2463 1461 2954 1524 remansissem.

480 1572 605 1636 Sed
651 1572 859 1635 insero
906 1574 1267 1654 praeterita.
1358 1571 1549 1648 Vide,
1609 1589 1871 1652 quaese,
1925 1570 2122 1651 igitur
2169 1588 2268 1645 ea,
2328 1586 2491 1650 quae
2536 1569 2816 1644 restant,
2885 1568 2956 1630 et

480 1679 733 1762 explora
789 1697 934 1742 cum
989 1678 1157 1755 istiS,
1225 1681 1289 1741 et
1354 1678 1406 1741 si
1460 1678 1717 1759 putabis
1782 1695 1939 1759 opus
2005 1694 2142 1740 esse
2201 1679 2266 1740 et
2329 1675 2383 1738 si
2444 1673 2588 1737 istis
2642 1673 2959 1756 placebit,

479 1804 620 1867 quo
652 1785 893 1867 magis
924 1783 1211 1848 factum
1243 1785 1587 1847 nostrum
1620 1782 1899 1848 Caesar
1937 1782 2205 1865 probet
2246 1780 2463 1862 quasi
2510 1779 2596 1844 de
2631 1797 2955 1843 suorum

480 1891 874 1955 sententia
928 1888 1243 1966 factum,
1300 1889 1806 1952 adhibeantur
1861 1887 2301 1964 TreboniuS‚
2358 1885 2632 1962 Pansa,
2689 1887 2754 1949 si
2812 1885 2956 1967 qui

480 1997 641 2074 alii,
698 1997 1193 2077 scribantque
1252 1996 1339 2059 ad
1387 1995 1787 2061 Caesarem
1844 2013 1982 2071 me,
2040 1992 2405 2075 quicquid
2453 1992 2795 2069 fecerim,
2863 1993 2958 2057 de

482 2122 615 2167 sua
663 2103 1050 2167 sententia
1096 2101 1391 2166 fecisse.

427 2231 453 2268 4
658 2209 956 2273 Tulliae
1033 2226 1239 2272 meae
1315 2208 1619 2271 morbus
1697 2210 1763 2271 et
1830 2206 2231 2270 imbecillitas
2301 2205 2580 2287 corporis
2656 2223 2763 2269 me
2852 2224 2963 2269 ex-

483 2316 750 2392 animat,
812 2333 1005 2396 quam
1068 2314 1184 2377 tibi
1244 2314 1546 2394 intellego
1608 2331 1878 2394 magnae
1942 2330 2129 2376 curae
2193 2330 2358 2388 esse,
2422 2311 2589 2393 quod
2639 2312 2742 2375 est
2791 2312 2959 2375 mihi

483 2422 942 2504 gratissimum.

485 2579 825 2649 Schlappheit
861 2578 954 2631 der
980 2577 1217 2631 Athener
1242 2577 1548 2645 gebraucht.
1589 2606 1657 2616 —-
1694 2579 1758 2630 in
1794 2592 1974 2631 omnes
2002 2577 2218 2645 partes]
2260 2619 2289 2643 ,‚
2304 2577 2437 2630 03011
2470 2576 2621 2644 jeder
2656 2576 2959 2644 Richtung,

483 2670 540 2722 in
572 2667 719 2736 jeder
753 2666 1053 2733 Beziehung
1067 2666 1117 2720 “.
1171 2696 1238 2703 -
1289 2667 1406 2719 sine
1457 2665 1763 2733 lictoribus]
1813 2665 1967 2718 Diese
2016 2665 2191 2718 ffihrte
2238 2680 2296 2718 er
2343 2664 2479 2718 noch
2526 2680 2627 2717 von
2679 2665 2806 2719 dem
2856 2666 2960 2718 Im·

485 2757 684 2826 perium
723 2756 777 2809 in
815 2754 1029 2809 Cilicien
1066 2754 1162 2807 her
1196 2754 1297 2806 mit
1333 2753 1461 2807 sich.
1536 2754 1588 2808 S.
1628 2754 1781 2823 epist.
1820 2753 1947 2819 XX,
1987 2754 2022 2807 5
2058 2753 2166 2806 und
2201 2752 2356 2806 Anm.
2430 2753 2517 2806 810
2567 2752 2688 2806 sind
2724 2754 2841 2806 ihm
2881 2770 2960 2807 so-

485 2845 621 2899 wohl
657 2860 833 2912 wegen
871 2843 963 2896 des
998 2841 1272 2896 Ansehens
1288 2884 1301 2908 ,
1352 2842 1446 2895 das
1484 2842 1558 2896 sie
1597 2843 1766 2896 seiner
1801 2843 1995 2895 Person
2032 2843 2195 2910 geben
2211 2883 2224 2907 ,
2273 2842 2355 2895 als
2404 2841 2539 2895 auch
2579 2842 2958 2896 buchstablich

486 2935 569 2987 ein
606 2933 802 2986 Schutz
839 2949 1005 3000 gegen
1042 2932 1126 2985 die
1163 2930 1323 2985 rohen
1359 2930 1581 2998 Krieger
1617 2930 1819 2985 Casars.

472 3024 476 3026 ⁷
634 3034 679 3076 3.
717 3020 948 3088 Recipio
984 3021 1107 3087 eta]
1145 3020 1253 3073 Der
1282 3019 1410 3073 8100
1448 3020 1618 3073 dieser
1652 3036 1783 3087 ganz
1821 3019 2007 3080 heillos
2044 3019 2406 3072 iiberlieferten
2437 3018 2604 3073 Stelle
2643 3019 2858 3073 scheint
2896 3035 2958 3071 zu

489 3110 623 3163 sein:
662 3109 749 3162 Du
786 3108 1003 3161 mahnst
1029 3108 1166 3161 mich
1195 3109 1359 3161 nahei-
1387 3124 1450 3160 zu
1478 3108 1735 3161 kommen.
1790 3107 1917 3160 Dies
1952 3107 2083 3174 geht
2117 3107 2301 3174 jedooh
2339 3106 2598 3175 vorlaufig
2634 3107 2807 3162 nicht.
2865 3107 2958 3159 Ich

489 3196 791 3266 verspreche
819 3196 944 3249 aber
971 3212 1028 3248 es
1057 3213 1149 3249 zur
1176 3196 1391 3249 rechten
1420 3196 1534 3248 Zeit
1561 3213 1626 3249 zu
1654 3196 1788 3248 thun
1825 3195 2056 3264 (recipio
2082 3202 2321 3264 tempore
2355 3211 2438 3248 me
2476 3195 2700 3250 domum
2739 3213 2814 3250 80.
2844 3197 2961 3250 itu·

487 3298 613 3338 rum
650 3287 797 3353 esse).
853 3284 1104 3353 Besprich
1142 3284 1214 3337 du
1251 3285 1369 3337 dich
1402 3284 1540 3352 jetzt
1575 3285 1676 3336 mit
1712 3283 1809 3335 den
1848 3284 2207 3351 angesehenen
2231 3283 2578 3339 Casarianern
2614 3283 2849 3354 (Oppius
2885 3284 2965 3337 ist

489 3374 573 3426 ein
601 3373 816 3438 solcher‚
857 3371 1045 3425 andere
1074 3388 1115 3426 8.
1146 3373 1177 3440 ξ
1203 3374 1238 3427 3
1258 3371 1441 3438 Εο(10),
1480 3372 1648 3425 damit
1675 3372 1748 3425 sie
1775 3372 1834 3424 in
1862 3371 2160 3440 Erwiigung
2188 3372 2382 3439 ziehen,
2421 3373 2517 3426 auf
2538 3373 2735 3426 welche
2765 3373 2961 3438 Weise,

489 3462 539 3515 d.
568 3462 620 3515 h.
659 3462 724 3515 ob
762 3461 864 3514 mit
887 3460 1108 3513 meinem
1138 3460 1453 3526 seitherigen
1483 3458 1695 3527 Gefolge
1723 3459 1846 3512 oder
1873 3459 2037 3526 nicht,
2074 3461 2159 3513 ich
2196 3460 2334 3513 mich
2361 3461 2498 3514 Rom
2524 3461 2672 3515 ihrer
2698 3462 2963 3528 Meinung

489 3550 622 3603 nach
648 3550 848 3602 0311010
876 3549 1059 3603 kenne.
1097 3548 1545 3602 Wahrscheinlich
1572 3548 1943 3614 rechtfertigen
1975 3547 2116 3602 diese
2142 3549 2279 3601 mein
2307 3548 2592 3603 Austreten
2617 3549 2813 3616 (credo
2840 3549 2966 3616 fore

490 3639 780 3706 auctores).
819 3667 887 3676 —
926 3652 1067 3705 quae
1103 3635 1322 3705 quidem
1358 3637 1735 3705 emploratiora
1772 3641 1973 3702 essent,
2011 3638 2061 3691 si
2096 3637 2497 3704 remansissem]
2535 3638 2696 3692 Ware
2733 3638 2826 3691 ich
2863 3654 2963 3692 von

493 3724 873 3779 Griechenland
922 3725 1037 3778 fern
1083 3725 1355 3793 geblieben
1371 3765 1383 3789 ‚
1448 3739 1506 3776 so
1555 3723 1804 3777 schenkte
1852 3723 1938 3776 ich
1986 3724 2137 3777 ihren
2187 3724 2645 3793 Versieherungen
2694 3726 2968 3794 grosseres

491 3812 798 3867 Vertrauen.
839 3842 906 3851 —
946 3812 1077 3879 Sed]
1115 3811 1458 3865 abbrechend.
1496 3839 1568 3849 —
1604 3811 1804 3878 insero]
1844 3852 1875 3877 „
1889 3811 2299 3866 hineinmischen
2314 3813 2363 3879 “,
2402 3813 2521 3866 weil
2557 3829 2616 3866 er
2653 3815 2966 3868 001111111ιῖ1-

492 3899 597 3952 11011
632 3900 822 3954 wieder
870 3901 964 3953 auf
1009 3900 1092 3953 die
1129 3899 1554 3967 Vergangenheit
1601 3900 1901 3966 gekommen
1952 3900 2052 3967 ist,
2104 3901 2187 3954 die
2236 3902 2415 3955 besser
2462 3902 2616 3956 nicht
2653 3903 2844 3957 weiter
2879 3904 2967 3957 be-

495 3987 746 4056 sprochen
792 3988 937 4042 wird.
989 4017 1057 4026 —
1105 3988 1249 4056 istis]
1299 3989 1383 4040 die
1421 3986 1737 4054 Giinstlinge
1773 3986 1960 4041 038318
2006 3989 2060 4041 10
2098 3988 2247 4043 Rom.
2300 4018 2368 4028 -
2421 3989 2758 4059 Trebonius]
2810 3991 2969 4045 hatte

469 4077 651 4128 'unter
678 4074 840 4129 Casar
874 4075 930 4128 in
957 4074 1164 4129 Gallien
1199 4076 1470 4145 gekampft
1505 4074 1614 4128 und
1647 4074 1807 4128 nahm
1843 4076 2073 4129 nachher
2107 4094 2174 4130 an
2213 4076 2305 4131 der
2331 4077 2758 4148 Verschwiirung
2793 4096 2963 4148 gegen

492 4162 585 4216 ihu
613 4162 724 4216 teil.
763 4192 833 4201 —
870 4162 1085 4230 Pansa]
1123 4163 1299 4216 fiihrte
1326 4164 1406 4217 als
1433 4162 1635 4217 Konsul
1663 4163 1736 4215 im
1761 4163 1812 4216 J.
1840 4163 1911 4217 43
1937 4181 2104 4232 gegen
2131 4165 2396 4219 Antonius
2424 4168 2526 4221 mit
2554 4168 2758 4222 seinem
2784 4169 2969 4222 Amts-

489 4266 745 4318 genossen
772 4250 985 4304 Hirtius
1024 4250 1130 4304 und
1167 4251 1283 4304 dem
1315 4251 1568 4319 jiingeren
1594 4249 1846 4305 Octavian
1873 4268 2040 4320 gegen
2066 4253 2138 4308 M.
2168 4253 2346 4308 Anton
2376 4255 2478 4309 den
2505 4257 2968 4311 mutinensischen

487 4337 655 4407 Krieg
689 4338 800 4393 und
834 4337 938 4392 fiel.
