3146 4826
409 310 531 374 Ἢ
1161 311 1422 368 ciceronis
1457 311 1718 383 epistulae
1753 312 1975 366 selectae
2009 310 2141 365 LVI.

415 474 608 551 dum,
668 472 836 556 quod
881 472 1041 538 mihi
1085 473 1188 537 vix
1232 473 1330 537 fas
1378 474 1505 550 est,
1565 472 1685 537 tibi
1729 471 2126 546 subirascor;
2186 470 2346 535 mihi
2405 470 2577 535 enim
2639 470 2888 562 negotii

422 582 568 664 plus
614 579 934 661 reliquisti
978 577 1091 643 uni
1138 596 1334 661 quam
1378 579 1635 661 praeter
1679 596 1783 642 me
1830 577 2142 642 omnibus.
2229 576 2325 642 Ut
2381 577 2548 641 enim
2597 563 2887 659 primum

419 688 570 769 post
613 686 875 751 Antonii
919 685 1356 749 foedissimum
1404 684 1760 749 discessum
1807 685 2071 747 senatus
2118 684 2339 747 haberi
2395 682 2591 747 libere
2650 682 2887 765 potuit,

426 792 506 856 ad
565 792 749 857 illum
811 792 1095 856 animum
1154 809 1373 855 meum
1433 789 1671 854 reverti
1731 790 2072 872 pristinum
2087 838 2101 866 ‚
2163 805 2355 871 quem
2413 791 2490 853 tu
2553 808 2702 853 cum
2759 789 2890 854 civi

361 918 400 959 η
427 899 749 975 acerrimo,
794 900 976 980 patre
1024 899 1154 975 tuo,
1198 898 1266 960 in
1313 915 1419 961 ore
1467 899 1533 961 et
1581 914 1795 961 amore
1843 914 2093 978 semper
2137 894 2438 960 habuisti.
2513 895 2683 959 Nam
2729 913 2888 960 eum

426 1007 721 1069 senatum
766 1022 820 1067 a.
869 1003 927 1067 d.
973 1023 1136 1066 x111.
1180 1002 1609 1067 Kalendas
1665 1002 2099 1066 Ianuarias
2158 1002 2400 1066 tribuni
2457 1002 2540 1084 pl.
2598 1001 2891 1066 vocavis-

426 1113 569 1175 sent
614 1110 819 1191 deque
851 1110 977 1174 alia
1007 1128 1075 1173 re
1107 1109 1431 1186 referrent,
1478 1110 1739 1173 totam
1783 1126 1948 1172 rem
1992 1103 2408 1190 publicam
2457 1126 2626 1171 sum
2671 1125 2893 1171 com-

422 1218 712 1300 plexus
760 1216 1057 1297 egique
1105 1216 1502 1280 acerrime
1550 1216 2094 1295 senatumque
2150 1213 2306 1277 iam
2351 1213 2890 1295 languentem

426 1325 509 1387 et
565 1322 982 1387 defessum
1043 1321 1138 1385 ad
1196 1321 1637 1403 pristinam
1697 1320 2096 1385 virtutem
2154 1320 2892 1384 consuetudinem-

416 1447 577 1510 -que
636 1429 1021 1492 revocavi
1077 1428 1337 1509 magis
1394 1426 1645 1491 animi
1693 1442 1924 1508 quam
1970 1425 2287 1508 ingenii
2332 1426 2668 1489 viribus.
2758 1424 2891 1489 Hic

411 1535 559 1599 dies
604 1552 874 1616 meaque
921 1535 1241 1599 contentio
1301 1535 1496 1615 atque
1555 1533 1720 1597 actio
1766 1550 1946 1615 spem
1991 1532 2272 1614 primum
2315 1532 2546 1615 populo
2591 1531 2889 1595 Romano

414 1642 646 1706 attulit
674 1641 989 1706 libertatis
1020 1640 1523 1723 recuperandae;
1570 1657 1689 1704 nec
1733 1657 1880 1703 vero
1926 1639 2061 1721 ipse
2107 1641 2330 1721 postea
2371 1640 2626 1720 tempus
2671 1638 2890 1701 ullum

423 1748 740 1812 intermisi
783 1747 861 1810 de
908 1765 976 1811 re
1023 1747 1277 1829 publica
1322 1765 1448 1810 non
1495 1745 1816 1828 cogitandi
1863 1745 2088 1822 solum,
2136 1745 2248 1809 sed
2294 1744 2488 1808 etiam
2535 1743 2781 1825 agendi.

366 1873 400 1914 s
602 1852 786 1932 Quod
842 1853 967 1917 nisi
1023 1872 1125 1918 res
1184 1854 1460 1917 urbanas
1523 1854 1792 1933 actaque
1851 1851 2063 1915 omnia
2126 1852 2208 1915 ad
2267 1853 2332 1915 te
2392 1850 2659 1933 perferri
2715 1850 2888 1914 arbi-

423 1963 645 2037 trarer,
692 1960 827 2043 ipse
874 1959 1348 2042 perscriberem,
1398 1975 1792 2039 quamquam
1827 1975 2003 2022 eram
2034 1956 2327 2021 maximis
2360 1956 2886 2039 occupat-ionibus

422 2067 786 2150 impeditus.
858 2065 983 2131 Sed
1012 2066 1125 2130 illa
1156 2083 1496 2147 cognosces
1529 2083 1604 2128 ex
1638 2064 1814 2138 aliis3
1864 2082 1902 2127 a
1947 2082 2049 2128 me
2096 2082 2317 2146 pauca,
2365 2064 2430 2127 et
2477 2080 2552 2127 ea
2598 2073 2886 2126 summa-

419 2174 575 2237 tim:
624 2173 931 2237 habemus
979 2171 1209 2236 fortem
1257 2173 1570 2247 senatum,
1618 2171 1984 2234 consulares
2030 2170 2266 2252 partim
2311 2169 2596 2245 timidoS‚
2641 2169 2887 2251 partim

421 2279 589 2343 male
623 2279 987 2343 sentientes.
1056 2271 1366 2358 Magnum
1398 2277 1706 2340 damnum
1738 2275 1983 2340 factum
2015 2278 2114 2340 est
2143 2276 2210 2339 in
2246 2275 2479 2340 Servio.
2546 2275 2617 2339 L.
2642 2274 2885 2339 Caesar

423 2472 522 2508 von
557 2454 651 2506 der
684 2452 846 2507 Kurie
881 2453 1199 2520 (seducere),
1250 2454 1365 2507 weil
1401 2470 1522 2507 man
1559 2453 1747 2506 dessen
1782 2452 2273 2506 Entschlossenheit
2295 2451 2584 2505 ‘fiirchtete
2636 2481 2704 2490 -
2746 2457 2887 2520 post

423 2542 660 2596 Antonii
706 2541 1084 2607 foedissimum
1131 2541 1446 2610 discessum]
1496 2540 1680 2595 Cicero
1730 2540 1993 2595 beriehtet
2040 2541 2176 2594 Phil.
2214 2540 2322 2607 III,
2373 2540 2445 2594 24
2494 2540 2617 2594 sehr
2664 2539 2886 2609 abffillig

421 2632 552 2685 iiber
587 2630 670 2683 die
706 2629 819 2683 Eile
835 2672 847 2696 ,
897 2630 997 2683 mit
1043 2630 1137 2684 der
1171 2630 1433 2684 Antonius
1483 2630 1578 2683 auf
1624 2630 1708 2683 die
1755 2629 1809 2683 N
1810 2630 2048 2683 aehricht
2097 2646 2197 2683 von
2247 2629 2364 2682 dem
2399 2628 2578 2682 Abfall
2626 2628 2720 2682 der
2755 2628 2886 2682 zwei

422 2718 682 2788 Legionen
726 2718 823 2772 wie
859 2719 945 2772 ein
980 2711 1409 2773 Verzweifelnder
1457 2719 1593 2772 nach
1638 2718 1757 2771 dem
1793 2718 2008 2772 Norden
2056 2718 2319 2772 entflohen
2368 2719 2459 2771 sei.
2514 2747 2582 2757 —
2632 2717 2887 2771 (mimum

416 2823 600 2862 meum
623 2806 950 2876 pristimum]
982 2807 1107 2874 „die
1136 2808 1245 2860 alte
1271 2806 1823 2872 Entschlossenheit“‚
1853 2807 1938 2860 die
1954 2807 2064 2861 Cic.
2092 2807 2174 2860 als
2197 2806 2401 2860 Konsul
2427 2806 2681 2859 bewieeen
2707 2806 2882 2859 hatte.

568 2907 615 2949 2.
671 2901 923 2950 sen-amm
958 2896 1084 2963 ete]
1120 2896 1221 2949 Am
1256 2897 1343 2950 20.
1379 2896 1666 2949 Dezember
1680 2938 1692 2962 ,
1741 2896 1809 2948 da
1845 2895 1959 2948 sich
1995 2895 2089 2948 der
2122 2894 2288 2948 Senat
2321 2895 2419 2948 frei
2454 2895 2622 2948 fuhlte
2636 2937 2649 2961 ,
2702 2894 2885 2949 wurde

421 2985 556 3038 nach
582 2984 791 3037 Ciceros
819 2986 869 3038 3.
898 2984 1418 3054 philippisehen,
1448 2985 1503 3037 in
1533 2985 1632 3038 den
1659 2984 1934 3052 folgenden
1959 2984 2180 3037 Worten
2204 2982 2709 3052 gekennzeichneten
2733 2983 2886 3037 Rede

418 3072 769 3139 beschlossen,
808 3072 924 3126 dass
959 3075 1217 3141 entgegen
1255 3073 1355 3126 den
1397 3073 1761 3141 Verfiigungen
1805 3073 1896 3125 des
1932 3072 2198 3126 Antonius
2236 3072 2318 3125 die
2355 3072 2673 3140 derzeitigen
2709 3071 2884 3125 Statt-

419 3162 597 3214 halter
630 3160 745 3213 ihre
780 3161 1064 3215 Provinzen
1101 3162 1183 3214 bis
1221 3178 1313 3214 zur
1349 3159 1590 3215 Ankunft
1625 3162 1767 3214 eines
1803 3179 1833 3214 v
1847 3177 1941 3214 om
1978 3160 2140 3214 Sena
2154 3164 2181 3213 t
2213 3161 2499 3214 bestellten
2534 3159 2886 3228 Nachfolgers

422 3251 579 3302 unter
616 3248 754 3302 allen
789 3248 1118 3303 Umstanden
1154 3250 1400 3304 behalten
1438 3250 1628 3303 sollten
1667 3250 1775 3303 und
1804 3248 2058 3303 Octavian
2095 3250 2248 3303 sowie
2284 3250 2459 3303 seinen
2488 3250 2750 3317 Legionen
2784 3249 2888 3303 der

421 3338 576 3391 Dank
614 3337 705 3390 des
733 3336 944 3391 Staates
972 3338 1388 3408 ausgesproehen
1416 3338 1602 3392 werde.
1648 3367 1709 3376 —-
1749 3338 1919 3407 deque
1954 3339 2077 3392 alia
2111 3354 2170 3392 re
2204 3337 2498 3405 referrent]
2537 3338 2661 3391 Ihre
2687 3337 2885 3406 Tages-

413 3425 662 3494 ordnung
696 3426 825 3494 ging
862 3426 1019 3480 dahin
1036 3469 1048 3492 ,
1101 3426 1217 3480 dal's
1266 3443 1386 3480 man
1435 3426 1536 3480 den
1570 3427 2097 3495 Regiorungsantritt
2147 3426 2241 3479 der
2286 3443 2455 3480 neuen
2501 3425 2744 3480 Konsuln
2791 3442 2885 3479 am

424 3517 472 3568 1.
510 3514 545 3567 J
546 3531 710 3568 anuar
747 3515 815 3568 43
855 3515 1058 3569 sichern
1100 3516 1243 3569 selle.
1284 3544 1351 3553 —
1388 3532 1511 3569 sum
1548 3516 1882 3583 complexus]
1919 3532 1989 3569 sc.
2028 3515 2279 3570 oratione
2295 3536 2311 3568 .·
2351 3515 2704 3582 „verbreitete
2739 3514 2885 3569 mich

422 3603 551 3656 iiber
569 3603 616 3656 “.
660 3632 722 3640 -
761 3604 937 3672 mayis
971 3604 1153 3658 animi
1188 3620 1357 3673 quam
1392 3604 1608 3672 inyem‘i
1644 3604 1882 3673 viribus]
1922 3646 1954 3670 ‚‚
1969 3604 2118 3658 mehr
2153 3604 2319 3657 durch
2355 3603 2439 3657 die
2465 3603 2655 3657 Stiirke
2681 3603 2885 3658 meines

415 3690 655 3758 Geffihls,
695 3691 775 3745 als
802 3691 968 3745 durch
995 3692 1176 3746 Mittel
1213 3693 1305 3745 des
1331 3692 1655 3746 Verstandes
1671 3693 1718 3747 “.
1760 3723 1828 3731 -
1867 3692 2166 3761 contentio]
2203 3692 2368 3746 heisst
2398 3692 2518 3761 jede
2545 3691 2883 3760 eigentliche,

419 3778 752 3847 pathetische
778 3779 937 3846 Rode,
971 3779 1063 3833 wie
1093 3780 1157 3834 de
1185 3781 1269 3834 off.
1297 3780 1367 3847 H,
1385 3780 1457 3835 48
1485 3781 1648 3849 zeigt:
1680 3798 1839 3847 „cum
1873 3781 2062 3852 duplex
2090 3781 2227 3834 ratio
2256 3781 2331 3834 sit
2357 3781 2625 3848 orationis,
2656 3796 2885 3849 quarum

420 3866 477 3918 in
514 3865 683 3919 altera
719 3881 886 3920 sermo
925 3868 1014 3934 sit,
1051 3869 1108 3921 in
1144 3869 1315 3921 altera
1350 3869 1618 3923 contentio
1631 3871 1680 3922 “.
1721 3896 1788 3907 -
1826 3868 2054 3938 agendi]
2091 3869 2411 3923 namentlich
2439 3868 2604 3922 durch
2643 3869 2728 3922 die
2764 3868 2885 3922 sich

421 3954 694 4022 folgenden
730 3954 1111 4026 philippisehen
1146 3956 1342 4010 Reden.
2480 3939 2494 3951 ”
2864 4018 2873 4022 ,

570 4055 615 4095 s.
670 4043 813 4096 male
850 4040 1161 4114 sentientes]
1199 4044 1384 4097 Damit
1411 4045 1578 4097 meint
1613 4062 1671 4098 er
1697 4045 1832 4098 auch
1868 4045 1950 4099 die
1976 4035 2329 4116 Angstlichen
2357 4045 2465 4099 und
2491 4045 2882 4114 Umsichtigen,

419 4130 506 4183 die
543 4130 655 4183 sich
692 4130 942 4184 scheuten
957 4173 970 4197 ,
1022 4132 1123 4184 den
1158 4131 1423 4185 Antonius
1471 4133 1675 4186 formell
1719 4134 1803 4186 fiir
1853 4134 2002 4187 einen
2038 4133 2363 4187 Staatsfeind
2411 4151 2476 4187 zu
2511 4133 2771 4188 erklaren.
2809 4163 2880 4174 --

417 4218 636 4283 factum
674 4216 773 4285 est]
825 4219 942 4284 „ist
989 4220 1207 4273 erlitten
1246 4220 1452 4273 worden
1466 4221 1516 4273 “.
1558 4250 1625 4258 —
1663 4222 1728 4274 in
1762 4218 1973 4293 Servio]
2028 4221 2271 4292 Sulpicio.
2345 4221 2398 4276 S.
2434 4222 2589 4292 epist.
2629 4222 2885 4290 XXXIV,

421 4305 692 4372 XXXVII,
730 4305 1028 4360 XXXVIII.
1102 4306 1175 4359 Er
1210 4324 1317 4360 war
1365 4308 1446 4361 als
1481 4308 1668 4378 Haupt
1703 4310 1846 4364 einer
1891 4311 1946 4363 in
1984 4310 2084 4365 den
2121 4313 2297 4365 ersten
2333 4310 2511 4378 Tagen
2548 4311 2641 4365 des
2676 4310 2714 4365 J
2714 4328 2888 4366 anuar-
