3146 4826
468 333 573 395 194
1215 333 1474 389 Ciceronis
1509 334 1768 403 epistulae
1804 334 2026 388 selectu
2061 332 2172 386 LII.

1316 494 1438 559 LII
1482 497 1582 571 (ad
1613 499 1746 557 fam.
1776 499 1908 570 111,
1942 499 2070 570 23).

903 599 1013 658 Set.
1050 600 1247 658 Romae
1282 599 1453 653 medio
1488 615 1667 654 mense
1702 596 1919 654 Octobri
1954 615 2001 652 a.
2040 615 2092 652 11.
2130 615 2172 651 6.
2213 599 2320 656 710
2352 598 2482 664 (44).

1047 687 1418 766 CICERO
1476 686 2067 767 CORNIFICIO
2125 687 2339 764 SAL.

419 835 442 875 1
648 814 922 881 Omnem
968 813 1396 879 condicionem
1456 813 1706 895 imperii
1762 811 1862 875 tui
1923 812 2293 892 statumque
2351 810 2712 892 provinciae
2773 811 2939 874 mihi

469 921 931 988 demonstravit
960 920 1308 986 Tratorius.
1380 919 1433 985 Ο
1480 920 1747 984 multa
1791 916 2379 982 intolerabilia
2423 917 2630 981 locis
2676 918 2944 981 omni-

468 1027 651 1092 bus!
747 1025 873 1094 Sed
921 1045 1046 1107 quo
1094 1028 1209 1090 tua
1253 1026 1454 1090 maior
1500 1024 1779 1106 dignitas
1827 1025 1954 1099 est,
2001 1041 2104 1098 66,
2166 1041 2328 1104 quae
2376 1023 2494 1087 tibi
2541 1023 2941 1100 acciderunt,

468 1133 684 1200 minus
730 1132 1025 1207 ferenda;
1084 1149 1294 1213 neque
1354 1130 1523 1195 enim
1539 1178 1555 1206 ‚
1618 1148 1780 1212 quae
1842 1131 1917 1192 tu
1974 1131 2236 1212 propter
2293 1129 2807 1210 magnitudinem
2868 1134 2941 1193 et
3054 1212 3059 1215 ἤ

473 1238 669 1302 animi
715 1240 781 1302 et
825 1238 1062 1319 ingenii
1107 1237 1432 1302 moderate
1478 1234 1638 1311 fers,
1699 1253 1775 1299 ea
1818 1254 1946 1299 non
1992 1234 2357 1299 ulciscenda
2403 1237 2585 1312 sunt,
2632 1235 2832 1299 etiam
2879 1237 2937 1299 si

471 1362 599 1411 11611
646 1346 800 1412 sunt
846 1344 1136 1408 dolenda.
1230 1343 1356 1408 Sed
1400 1343 1560 1407 haec
1605 1342 1938 1425 posterius

423 1469 451 1513 2
650 1450 890 1516 Rerum
937 1451 1327 1516 urbanarum
1373 1450 1517 1514 acta
1578 1449 1697 1513 tibi
1754 1448 1929 1512 mitti
1987 1454 2159 1512 certo
2223 1448 2370 1512 scio.
2463 1446 2647 1526 Quod
2707 1450 2777 1512 ni
2841 1450 2939 1514 ita

472 1558 793 1639 putarem,
851 1556 985 1639 ipse
1032 1556 1517 1639 perscriberem,
1576 1554 2015 1637 imprimisque
2064 1552 2112 1619 C
2131 1554 2445 1618 aesaris
2494 1554 2547 1619 O
2566 1556 2935 1619 ctaviani

475 1664 889 1736 conatum3
939 1661 1015 1725 de
1065 1679 1189 1743 quo
1234 1660 1640 1725 multitudini
1681 1660 1905 1724 fictum
1954 1660 2032 1723 ab
2064 1659 2339 1723 Antonio
2374 1661 2614 1725 crimen
2660 1660 2942 1737 videtur,

474 1771 551 1833 ut
594 1769 661 1832 in
707 1767 1042 1851 pecuniam
1090 1766 1514 1831 adulescentis
1545 1767 1859 1849 impetum
1889 1765 2155 1840 faceret3
2201 1765 2552 1848 prudentes
2600 1768 2823 1830 autem
2871 1771 2943 1830 et

474 1875 623 1939 boni
677 1874 796 1938 viri
854 1877 920 1938 et
964 1873 1236 1937 credunt
1277 1872 1522 1936 factum
1568 1874 1635 1935 et
1679 1872 1965 1954 probant.
2058 1869 2227 1949 Quid
2284 1871 2585 1952 quaeris?
2641 1890 2709 1935 m
2728 1890 2943 1953 agna

478 1998 660 2064 spes
708 1982 832 2044 est
876 1980 954 2043 in
1002 1998 1121 2044 eo:
1169 1978 1376 2043 nihil
1424 1980 1583 2054 est,
1631 1977 1839 2059 quod
1882 1995 2036 2040 non
2083 1976 2613 2040 existimetur
2658 1978 2940 2060 laudis

478 2088 556 2151 et
602 2086 919 2170 gloriae
967 2104 1215 2150 causa
1260 2085 1661 2150 facturus.
1735 2084 2142 2147 Antonius
2190 2083 2439 2159 autem,
2485 2085 2702 2147 noster
2750 2082 2942 2154 fami-

475 2192 653 2257 liaris
669 2240 684 2268 ‚
745 2193 926 2256 tanto
987 2210 1053 2256 se
1115 2190 1254 2255 odio
1313 2209 1451 2256 esse
1508 2190 1853 2271 intellegit,
1914 2190 1989 2252 ut
2005 2236 2019 2264 ,
2080 2207 2228 2253 cum
2280 2188 2722 2254 interfectores
2785 2208 2945 2260 suos

479 2298 650 2364 domi
696 2297 1263 2380 comprehenderit,
1308 2315 1443 2364 rem
1488 2296 1767 2379 proferre
1815 2315 1944 2359 non
1989 2294 2240 2362 audeat.
2309 2298 2382 2362 A.
2429 2295 2487 2359 d.
2526 2314 2635 2360 vn.
2665 2294 2762 2361 Id.
2798 2295 2945 2361 Oct.

477 2404 1022 2469 Brundisium
1082 2405 1256 2469 erat
1316 2403 1741 2488 profectus
1799 2402 2110 2468 obviam
2156 2402 2620 2484 legionibus
2666 2403 2944 2469 Mace-

478 2566 671 2617 miisse.
742 2559 815 2614 Er
849 2560 937 2615 fiel
972 2561 1043 2615 42
1089 2561 1175 2614 bei
1211 2561 1303 2614 der
1339 2560 1392 2615 N
1392 2561 1700 2631 euordnung
1734 2561 1828 2615 der
1863 2561 2226 2627 Verhaltnisse
2262 2560 2428 2614 durch
2464 2561 2561 2614 das
2595 2560 2949 2628 Tn‘umvirat,

479 2649 595 2703 weil
632 2665 689 2702 er
725 2649 843 2707 dem
877 2649 1107 2718 Iegaten
1145 2647 1427 2712 Octavians
1464 2648 1803 2709 Widerstand
1839 2649 2064 2705 leistete.

630 2750 672 2791 1.
728 2739 950 2809 impedi
995 2737 1106 2805 tm]
1159 2779 1189 2804 ‚,
1204 2737 1702 2799 Statthalterschaft
1716 2738 1764 2791 “.
1814 2767 1881 2776 -·-
1928 2752 2072 2806 quae
2120 2737 2224 2791 tibi
2267 2736 2618 2805 accida-unt]
2670 2738 2947 2797 Antonius

482 2825 667 2879 suchte
703 2826 805 2879 den
840 2827 949 2880 ihm
986 2827 1344 2896 unbequemen
1380 2823 1688 2881 Cornificius
1739 2825 1902 2878 durch
1938 2825 2088 2879 einen
2136 2825 2247 2878 ihm
2283 2826 2573 2894 ergebenen
2611 2825 2950 2902 Statthalter

482 2933 546 2969 zu
581 2915 923 2983 verdriingen.
963 2945 1030 2954 -
1087 2919 1140 2968 et
1196 2915 1375 2968 amimi
1430 2920 1483 2968 et
1537 2914 1775 2982 ingenii]
1829 2913 2008 2979 „Herz
2054 2914 2162 2967 und
2198 2913 2362 2984 Kopf,
2422 2912 2620 2969 Gemiit
2667 2915 2779 2968 und
2818 2916 2944 2970 Ver·

483 3003 703 3057 stand“.
761 3032 826 3041 —
885 3003 1054 3058 etiam
1104 3004 1154 3057 si
1202 3020 1317 3058 non
1364 3009 1497 3058 sunt
1546 3002 1808 3070 dolenda]
1865 3003 1981 3056 weil
2040 3004 2133 3056 auf
2184 3003 2325 3057 diese
2370 3003 2545 3056 Weise
2595 3004 2679 3057 die
2742 3005 2951 3059 seither

481 3090 719 3144 fehlende
754 3090 998 3144 Klarheit
1033 3092 1088 3145 in
1127 3091 1228 3145 den
1263 3091 1661 3145 Verhiiltnissen
1698 3091 1991 3158 geschaffen
2031 3092 2174 3145 wird.

628 3189 675 3232 2.
731 3178 939 3234 Rerum
972 3180 1326 3235 urbanarum
1360 3178 1513 3245 acta]
1555 3178 1689 3244 „der
1725 3180 2017 3234 stadtische
2050 3178 2514 3249 Generalanzeiger
2528 3183 2577 3234 “.
2654 3180 2823 3236 Casar
2860 3183 2947 3235 be—

484 3264 720 3321 stimmte
738 3307 750 3330 ,
803 3265 919 3320 dass
965 3268 1096 3321 iiber
1130 3266 1747 3335 Senateverhandlungen
1792 3267 1950 3322 kurze
1985 3269 2233 3323 Berichte
2286 3270 2672 3324 verdffentlicht
2709 3271 2945 3325 wurden.

482 3352 791 3409 Anderseits
837 3354 1025 3411 hatten
1075 3355 1237 3410 echon
1280 3355 1458 3409 friiher
1506 3355 1946 3423 untergeordnete
1992 3356 2265 3410 Schreiber
2318 3359 2402 3411 fiir
2455 3358 2540 3411 die
2595 3358 2943 3413 abwesenden

482 3441 810 3497 Vornehmen
857 3443 940 3496 die
975 3442 1465 3511 Stadtneuigkeiten
1510 3444 1915 3512 aufgezeichnet.
1987 3445 2099 3499 Aue
2150 3446 2244 3498 der
2278 3446 2725 3515 Versehmelzung
2771 3447 2949 3500 dieser

482 3530 668 3587 beiden
691 3530 1109 3599 Einrichtungen
1144 3532 1394 3587 entstand
1432 3532 1547 3587 eine
1571 3531 1679 3586 Art
1703 3549 1802 3586 von
1831 3533 2070 3601 Zeitung‚
2106 3534 2243 3587 auch
2270 3535 2421 3590 Acta
2446 3534 2663 3589 dimna
2687 3539 2947 3603 genennt,

486 3618 570 3671 die
604 3618 719 3672 hier
753 3620 984 3687 gemeint
1018 3620 1108 3674 ist.
1149 3650 1216 3658 —
1257 3620 1418 3689 Quod
1442 3621 1508 3675 πί
1535 3621 1625 3674 ita
1648 3621 1926 3689 putarem]
1966 3623 2220 3688 „·sonst“.
2261 3653 2327 3662 -
2365 3622 2775 3692 perscriberem]
2816 3640 2948 3692 „ge-

485 3721 607 3772 nau‚
643 3706 863 3761 naheres
900 3707 1170 3762 schreiben
1185 3708 1233 3762 “.
1274 3737 1341 3747 —-
1387 3709 1451 3763 in
1480 3709 1785 3776 menmium
1819 3708 2210 3777 adulescentis]
2259 3710 2357 3764 Ale
2393 3709 2649 3765 Octavian
2687 3711 2774 3765 die
2808 3711 2944 3765 Aue·

485 3792 740 3861 lieferung
766 3811 864 3848 von
902 3794 1092 3850 Casars
1116 3795 1252 3850 Erbe
1290 3813 1387 3851 von
1413 3794 1680 3850 Antonius
1709 3796 1990 3864 verlangte,
2027 3798 2272 3865 weigerte
2308 3798 2419 3851 sich
2456 3798 2643 3853 dieser.
2707 3799 2796 3852 Da
2820 3799 2949 3853 aber

488 3878 769 3934 Octavians
803 3880 1007 3950 Klagen
1044 3884 1173 3937 iiber
1209 3884 1378 3939 dieses
1412 3883 1653 3941 Unrecht
1687 3884 1837 3938 nieht
1873 3884 2006 3938 ohne
2042 3884 2302 3954 Wirkung
2336 3886 2475 3940 beim
2511 3886 2680 3941 Volke
2714 3886 2949 3954 blieben,

489 3984 547 4021 so
583 3967 760 4021 schien
796 3984 853 4022 es
889 3970 1049 4024 6611611
1083 3971 1366 4038 glaublich‚
1405 3971 1523 4026 dass
1554 3972 1695 4040 jetzt
1728 3970 1990 4026 Antonius
2025 3973 2179 4028 einen
2215 3972 2403 4028 Grund
2439 3975 2523 4029 fiir
2558 3977 2703 4029 scine
2740 3974 2947 4045 Weige·

488 4071 626 4122 rung
659 4055 883 4122 gesucht
916 4057 1067 4113 habe.
1118 4086 1185 4096 —·
1235 4063 1287 4113 et
1320 4059 1554 4115 eredunt
1595 4066 1648 4115 et
1687 4060 1956 4128 probarat]
2006 4061 2123 4115 weil
2171 4061 2331 4115 11111611
2365 4061 2632 4119 Antonius
2675 4064 2821 4132 jetzt
2869 4065 2954 4117 als

488 4143 583 4198 das
630 4141 955 4199 schlimmere
1009 4135 1143 4200 Ubel
1189 4147 1440 4202 erschien.
1491 4176 1561 4188 --
1613 4147 1765 4217 Quid
1799 4147 2084 4218 quamam
2131 4149 2184 4204 S.
2223 4167 2288 4203 zu
2324 4151 2480 4220 epist.
2517 4150 2748 4220 xxxn,
2787 4155 2840 4207 2.
2881 4182 2949 4190 —

487 4233 552 4285 in
586 4229 667 4299 co]
708 4228 1032 4287 Octaviano.
1071 4261 1140 4272 -
1176 4239 1359 4289 noster
1392 4234 1726 4303 familiaris]
1762 4235 1878 4290 hier
1911 4238 2177 4292 natiirlieh
2211 4238 2457 4293 1161116611.
2511 4267 2581 4279 --
2619 4244 2785 4295 tanto
2820 4240 2957 4296 odio

489 4317 619 4385 6666]
656 4317 928 4377 Passivum
965 4334 1029 4373 zu
1065 4318 1257 4375 odim.
1299 4348 1363 4359 —
1403 4322 1709 4390 lanionibus
1743 4323 2125 4382 Macedonicis
2159 4324 2443 4399 quattuor]
2482 4326 2642 4382 Diese
2678 4327 2955 4401 Truppen·
