3146 4826
955 333 1217 389 Ciceronis
1254 336 1512 406 epistulae
1549 337 1771 392 selectae
1807 338 1956 392 XIII.
2617 340 2688 400 67

226 494 316 556 vis
335 541 350 570 ,
416 495 717 559 canenda.
803 482 1298 573 Ἀνατυπώσεις
1343 515 1490 562 vero
1538 499 1620 562 ad
1667 517 1773 576 ea,
1838 517 2000 580 quae
2047 500 2183 583 ipse
2232 519 2347 583 ego
2393 520 2473 566 ne
2520 503 2688 584 cogi-

225 600 415 663 tando
462 599 720 681 quidem
782 620 1162 684 consequor,
1226 609 1330 681 tu,
1392 605 1503 687 qui
1549 623 1768 670 omnes
1815 606 1939 670 isto
1988 607 2327 689 eloquendi
2372 610 2439 672 et
2484 610 2688 692 expri-

221 705 434 769 mendi
478 725 707 788 genere
756 709 1096 790 superasti,
1142 727 1180 772 a
1225 728 1328 774 me
1374 711 1588 793 petis?
1648 711 1952 776 Facerem
1998 714 2248 783 tamen,
2294 716 2371 778 ut
2414 732 2686 796 possem,

224 811 360 889 sed,
423 813 592 894 quod
638 816 704 877 te
749 814 1012 879 minime
1075 813 1273 897 fugit,
1336 834 1494 899 opus
1556 818 1659 881 est
1719 817 1801 881 ad
1858 822 2088 900 poema
2147 818 2427 901 quadam
2489 820 2685 884 animi

223 918 547 983 alacritate
564 969 579 996 ‚
660 938 855 1001 quam
929 921 1117 1003 plane
1189 922 1349 986 mihi
1416 924 1708 1006 tempora
1777 924 2072 1006 eripiunt.
2188 925 2498 990 abduco
2567 943 2683 990 me

222 1026 592 1106 equidem
639 1027 733 1090 ab
781 1029 995 1091 omni
1039 1029 1158 1092 rei
1203 1029 1586 1111 publicae
1645 1049 1836 1094 cura
1898 1031 2263 1112 dedoque
2323 1031 2682 1107 litteris,

223 1150 249 1194 s
265 1149 296 1194 e
311 1131 353 1194 d
398 1136 621 1196 tamen
666 1134 954 1198 indicabo
1004 1135 1151 1212 tibi,
1214 1135 1383 1216 quod
1437 1137 1802 1201 mehercule
1863 1138 1931 1200 in
1991 1137 2214 1221 primis
2274 1140 2340 1202 te
2403 1138 2683 1202 celatum

220 1240 536 1303 volebam:
601 1258 882 1321 angor,
943 1240 1034 1305 mi
1082 1241 1459 1307 suavissime
1506 1242 1739 1320 frater,
1801 1261 1999 1325 angor
2042 1244 2289 1308 nullam
2352 1262 2490 1308 esse
2545 1262 2684 1308 rem

219 1346 553 1426 publicam,
597 1347 779 1409 nulla
808 1345 1058 1425 iudicia,
1099 1350 1520 1430 nostrumque
1551 1350 1672 1414 hoc
1701 1351 1958 1432 tempus
1991 1351 2242 1427 aetatis,
2276 1350 2444 1431 quod
2474 1351 2542 1414 in
2571 1350 2683 1414 illa

221 1453 595 1516 auctoritate
646 1453 964 1517 senatoria
1011 1452 1236 1518 florere
1286 1454 1576 1532 debebat,
1624 1457 1737 1519 aut
1782 1454 2017 1521 forensi
2057 1457 2271 1520 labore
2313 1457 2539 1521 iactari
2570 1458 2683 1520 aut

219 1557 578 1622 domesticis
625 1559 858 1623 litteris
907 1561 1280 1637 sustentari,
1325 1561 1487 1624 illud
1531 1579 1699 1638 vero,
1746 1561 1919 1644 quod
1964 1579 2003 1624 a
2045 1579 2241 1644 puero
2291 1561 2680 1639 adamaram,

548 1699 800 1765 πολλὸν
844 1699 1198 1787 ἀριστεύειν
1242 1700 1358 1766 καὶ
1404 1699 1745 1789 ὑπείροχον
1790 1697 2061 1785 ἔμμεναι
2106 1700 2336 1782 ἄλλων,

217 1863 422 1924 totum
484 1860 819 1938 occidisse,
881 1861 1168 1926 inimicos
1217 1880 1256 1925 a
1300 1880 1404 1926 me
1465 1863 1704 1945 partim
1763 1881 1891 1926 non
1954 1863 2384 1945 oppugnatoS,
2442 1862 2680 1944 partim

218 1967 404 2031 etiam
471 1985 610 2031 esse
675 1966 995 2045 defenSOS‚
1057 1986 1276 2032 meum
1328 1987 1456 2034 non
1515 1969 1704 2033 modo
1768 1969 2086 2045 animum,
2149 1968 2262 2032 sed
2322 1986 2402 2032 ne
2466 1966 2681 2031 odium

217 2073 473 2154 quidem
520 2092 660 2138 esse
707 2074 998 2151 liberum,
1045 2092 1376 2155 unumque
1425 2093 1501 2139 ex
1547 2076 1840 2139 omnibus
1889 2073 2230 2140 Caesarem
2279 2092 2417 2139 csse
2462 2073 2682 2138 inven-

214 2185 379 2259 tum,
449 2182 561 2261 qui
605 2199 709 2244 me
755 2182 1044 2257 tantum,
1112 2183 1428 2262 quantum
1474 2199 1589 2263 ego
1635 2182 1898 2258 vellem,
1959 2182 2235 2257 amaret,
2298 2181 2413 2244 aut
2465 2180 2678 2257 etiam,

215 2287 376 2352 sicut
425 2288 536 2350 alii
580 2289 844 2369 putant,
904 2288 1077 2351 hunc
1140 2306 1344 2351 unum
1406 2306 1543 2351 esse
1561 2336 1577 2364 ,
1638 2288 1750 2370 qui
1811 2288 2020 2352 vellet.
2111 2284 2399 2364 Quorum
2458 2288 2678 2350 tamen

213 2394 366 2458 nihil
415 2396 518 2459 est
565 2394 701 2458 eius
756 2392 960 2471 modi,
1022 2395 1098 2458 ut
1159 2412 1274 2476 ego
1335 2411 1437 2459 me
1499 2413 1627 2459 non
1687 2395 1895 2459 multa
1957 2393 2385 2459 consolatione
2448 2391 2676 2458 cotidie

212 2502 465 2579 leniam,
514 2501 628 2566 sed
672 2501 786 2564 illa
832 2501 955 2565 crit
1000 2501 1347 2565 consolatio
1395 2500 1690 2579 maxima,
1739 2501 1793 2565 si
1839 2520 1970 2564 una
2015 2501 2270 2565 erimus.
2361 2499 2550 2564 Nunc
2597 2498 2678 2563 ad

213 2608 314 2672 illa
358 2608 468 2672 vel
514 2607 967 2689 gravissimum
1014 2606 1262 2672 accedit
1308 2606 1694 2672 desiderium
1740 2609 1855 2672 tui.

385 2722 835 2787 Gabinium
882 2723 961 2799 si,
1008 2724 1084 2786 ut
1128 2721 1341 2786 Pansa
1384 2724 1576 2805 putat
1621 2725 1995 2805 oportuisse,
2043 2722 2484 2798 defendissem,
2531 2739 2676 2785 con·
2699 2745 2728 2784 s

214 2830 540 2894 cidissem:
606 2830 718 2909 qui
761 2829 946 2892 illum
992 2829 1265 2893 oderunt
1311 2866 1393 2873 —-
1441 2829 1487 2892 ii
1534 2831 1688 2893 sunt
1747 2830 1870 2893 toti
1931 2829 2179 2893 ordines
2244 2864 2360 2904 —-‚
2420 2828 2676 2909 propter

212 3092 263 3145 in
296 3094 469 3147 einem
505 3093 647 3164 Epos
694 3111 760 3146 zu
803 3094 1026 3164 preisen.
1077 3123 1147 3133 —
1198 3097 1338 3148 ἀνατ
1346 3094 1601 3161 υπώσεις]
1654 3093 2125 3161 „Umdichtungen
2142 3134 2155 3159 ,
2204 3092 2543 3160 Dichtungen
2588 3092 2677 3160 aul

212 3183 428 3236 etwas“.
469 3212 539 3221 -—
577 3181 880 3251 cogitando
915 3183 1238 3251 consequor]
1278 3182 1432 3249 „sich
1460 3182 1573 3235 eine
1602 3181 1946 3249 Vorstellung
1980 3198 2081 3234 von
2117 3184 2281 3236 etwas
2308 3183 2526 3236 machon
2552 3183 2673 3237 kon-

212 3273 364 3325 nen“.
407 3300 477 3310 -
515 3272 678 3325 nulla
713 3271 952 3339 iudicia]
990 3271 1108 3325 weil
1146 3272 1221 3325 sie
1258 3271 1424 3324 durch
1461 3271 1859 3339 Waffengewalt
1895 3271 1975 3324 oft
2008 3271 2311 3325 beeinfiusst
2347 3272 2574 3327 wurden.
2607 3302 2673 3311 —

212 3366 565 3429 mumque
601 3358 726 3428 etc]
762 3359 834 3413 Es
861 3360 937 3413 ist
964 3360 1258 3428 unwiirdig‚
1298 3359 1415 3413 dass
1441 3360 1527 3413 ich
1553 3361 1611 3413 in
1638 3360 1808 3413 einem
1834 3358 2004 3426 Alter,
2042 3360 2099 3414 in
2127 3360 2245 3413 dem
2270 3361 2357 3413 ich
2385 3360 2485 3413 den
2513 3360 2674 3413 Sonat

210 3447 557 3502 beherrschen
592 3448 813 3515 miil’s‘oe‚
859 3448 1000 3501 mich
1034 3448 1136 3501 mit
1170 3448 1540 3515 gerichtlicher
1577 3448 1885 3515 Thatigkoit
1920 3448 2109 3517 plagen
2147 3448 2255 3501 und
2291 3448 2393 3500 mit
2428 3447 2673 3517 unpoliti·

212 3537 353 3591 scher
389 3536 824 3591 Schriftstellerei
859 3536 1098 3590 aufrecht
1135 3537 1372 3589 erhalten
1418 3536 1576 3590 muss.
1628 3566 1696 3575 —
1744 3534 1917 3604 illud]
1969 3535 2105 3602 „der
2139 3535 2499 3605 Wahrspruch
2514 3535 2563 3588 “.
2603 3564 2671 3573 —

211 3626 429 3695 πολλόν]
469 3626 569 3679 Bei
594 3625 792 3679 Homer
817 3624 910 3692 VI,
940 3625 1063 3691 208,
1102 3624 1198 3691 XI,
1233 3625 1338 3678 784
1374 3625 1520 3677 steht
1557 3624 1710 3677 daffir
1749 3626 1882 3678 αἰὲν.
1921 3654 1990 3663 —-
2027 3639 2141 3679 non
2175 3622 2338 3677 modo
2367 3664 2407 3676 ..
2428 3664 2440 3675 .
2467 3622 2567 3676 sed
2599 3639 2672 3676 ne

325 3713 577 3784 quidem]
616 3713 669 3768 S.
698 3730 763 3766 zu
788 3714 943 3783 epist.
970 3713 1097 3779 XII,
1128 3714 1282 3774 801).
1321 3743 1389 3752 —
1428 3712 1506 3766 ad
1539 3712 1665 3781 illa]
1704 3729 1811 3780 „zu
1849 3712 2028 3765 diesen
2063 3712 2295 3765 bitteren
2324 3710 2670 3767 Godanken“.

349 3827 395 3868 5.
438 3811 745 3878 Gabinius]
785 3808 1073 3879 Giinstling
1102 3811 1195 3864 des
1222 3809 1517 3881 Pompejus,
1555 3810 1674 3864 dem
1711 3809 1876 3863 durch
1915 3808 1998 3862 die
2033 3809 2117 3862 lex
2146 3806 2371 3864 Gabinia
2398 3810 2482 3863 die
2508 3809 2671 3864 Herr-

210 3901 375 3955 schaft
421 3902 499 3955 im
535 3898 752 3956 Gebiete
804 3899 896 3953 des
931 3899 1284 3953 Mittelmeers
1318 3899 1369 3953 J.
1408 3900 1476 3953 67
1528 3899 1691 3953 zuteil
1740 3898 2015 3967 geworden
2064 3915 2186 3952 war.
2259 3897 2334 3951 Er
2382 3898 2536 3952 hatte
2584 3899 2670 3952 bei

210 3988 409 4045 Ciceros
435 3990 797 4057 Verbannung
822 3988 1160 4056 mitgewirkt.
1224 3988 1411 4042 Dieser
1445 3988 1599 4041 hatte
1637 3987 1749 4040 sich
1772 3987 1960 4055 jedoch
1987 3987 2081 4040 auf
2101 3986 2337 4040 Wunsch
2365 3986 2458 4040 des
2484 3986 2666 4054 Pomp.

209 4079 302 4133 mit
335 4080 448 4133 ihm
485 4079 752 4132 versbhnt.
825 4078 967 4131 Aber
1001 4077 1096 4130 ihn
1132 4077 1188 4131 in
1226 4077 1393 4130 einem
1430 4076 1522 4129 der
1557 4076 1725 4129 vielen
1756 4076 2019 4142 Prozesse,
2056 4076 2113 4128 in
2149 4075 2232 4128 die
2268 4091 2327 4129 er
2361 4090 2539 4141 wegen
2573 4072 2669 4126 Er·

208 4184 528 4237 pressungen
555 4167 665 4221 und
684 4166 1137 4219 Wahlumtrieben
1158 4165 1456 4219 verwickelt
1476 4163 1666 4228 wurde,
1696 4181 1761 4216 zu
1788 4163 2125 4231 verteidigen,
2154 4162 2372 4216 brachte
2391 4161 2496 4216 Cic.
2515 4160 2668 4216 nicht

209 4257 330 4310 fiber
358 4258 489 4312 sich.
519 4286 588 4295 —
617 4255 835 4323 Pansa]
863 4253 951 4307 fiel
978 4254 1059 4307 als
1085 4254 1289 4307 Konsul
1311 4255 1386 4306 im
1408 4252 1861 4306 Mutinensischen
1887 4252 2051 4320 Krieg
2075 4253 2163 4306 43.
2193 4279 2261 4288 —
2291 4247 2663 4314 concidissent]

212 4362 303 4410 „es
338 4351 476 4400 ware
513 4362 605 4400 um
641 4344 797 4411 mich,
834 4345 884 4396 d.
921 4342 973 4396 h.
1011 4342 1216 4397 meinen
1251 4343 1363 4396 Rus
1392 4342 1502 4395 und
1536 4341 1705 4395 meine
1741 4340 1896 4408 Ehre,
1934 4339 2225 4408 geschehen
2259 4337 2554 4407 gewesen“.
2594 4362 2662 4374 —-

2160 4427 2235 4480 5*
