3146 4826
910 313 1171 368 Ciceronis
1208 313 1465 383 epistulae
1502 314 1725 366 selectae
1760 313 2029 366 XXXVII.
2599 308 2700 369 153

237 494 368 538 non
426 493 550 555 quo
605 492 681 538 ea
737 476 801 537 te
855 474 1075 556 fugere
1133 474 1516 549 existimem,
1583 474 1693 540 sed
1751 474 1917 554 quod
1982 473 2248 538 forsitan
2314 474 2525 537 dolore
2582 474 2700 537 im-

236 580 498 664 peditus
543 581 758 644 minus
807 598 882 645 ea
926 581 1289 663 perspicias.

424 684 616 764 Quid
673 689 788 750 est
844 688 1037 768 quod
1084 688 1299 751 tanto
1349 705 1568 769 opere
1626 689 1698 750 te
1755 688 2218 750 commoveat
2264 687 2441 750 tuus
2491 686 2749 749 dolor2

240 793 704 857 intestinus?
797 792 1046 875 Cogita,
1105 811 1294 874 quem
1352 793 1432 856 ad
1477 793 1739 856 modum
1795 792 2006 856 adhuc
2060 791 2316 855 fortuna
2370 792 2700 855 nobiscum

243 899 475 980 egerit:
543 917 618 962 ea
672 899 854 963 nobis
912 900 1130 981 erepta
1185 917 1351 975 esse,
1419 917 1581 980 quae
1637 898 1999 962 hominibus
2055 916 2182 961 non
2235 898 2447 962 minus
2507 916 2698 978 quam

241 1005 425 1069 liberi
473 1023 620 1069 cara
667 1024 806 1069 esse
854 1006 1117 1082 debent,
1161 1006 1463 1087 patriam,
1507 1005 1930 1081 honestatem,
1980 1005 2386 1086 dignitatem,
2431 1004 2699 1067 honores

244 1130 480 1176 omnes.
578 1111 718 1175 Hoc
770 1131 897 1175 uno
967 1111 1364 1175 incommodo
1436 1111 1651 1175 addito
1726 1111 1878 1192 quid
1950 1112 2029 1175 ad
2099 1111 2378 1175 dolorem
2443 1110 2701 1191 adiungi

241 1218 492 1300 potuit?
568 1219 702 1281 Aut
750 1218 858 1298 qui
904 1236 1031 1282 non
1077 1218 1144 1281 in
1192 1218 1319 1281 illis
1351 1218 1542 1281 rebus
1577 1218 1958 1282 exercitatus
2006 1218 2257 1281 animus
2305 1218 2531 1281 callere
2573 1217 2701 1280 iam

243 1325 432 1388 debet
479 1326 673 1405 atque
722 1324 935 1388 omnia
981 1325 1246 1388 minoris
1295 1324 1701 1388 existimare?

418 1433 531 1493 An
585 1430 803 1495 illius
858 1431 1125 1508 vicem,
1181 1431 1427 1508 cred0,
1482 1431 1733 1494 doles?
1836 1429 2142 1509 Quotiens
2207 1431 2274 1494 in
2341 1448 2482 1494 eam
2539 1429 2751 1511 cogi-3

245 1537 555 1601 tationem
599 1555 858 1601 necesse
907 1539 1007 1601 est
1053 1539 1119 1601 et
1163 1540 1239 1601 tu
1287 1537 1532 1603 veneris
1589 1538 1655 1601 et
1706 1556 1822 1601 nos
1879 1555 2066 1619 saepe
2110 1537 2475 1612 incidimuS,
2529 1536 2701 1599 hisce

245 1643 637 1725 temporibus
683 1661 812 1707 non
858 1644 1132 1727 pessime
1190 1663 1337 1708 cum
1391 1644 1469 1707 iis
1528 1661 1667 1708 esse
1728 1645 1969 1720 actum,
2028 1644 2258 1724 quibus
2306 1643 2443 1707 sine
2490 1642 2701 1706 dolore

243 1749 497 1813 licitum
546 1751 646 1814 est
691 1752 964 1814 mortem
1011 1769 1158 1815 cum
1203 1750 1337 1814 vita
1367 1752 1805 1814 commutare?
1884 1748 2053 1828 Quid
2100 1752 2317 1814 autem
2364 1748 2487 1813 fuit
2535 1749 2703 1830 quod

242 1856 423 1919 illam
477 1856 598 1920 hoc
662 1858 944 1939 tempore
1014 1857 1094 1920 ad
1158 1856 1499 1924 vivendum
1564 1874 1796 1938 magno
1862 1875 2046 1939 opere
2110 1856 2380 1920 invitare
2445 1857 2702 1938 posset?

246 1980 409 2043 quae
441 1964 587 2027 res?
637 1980 800 2043 quae
833 1966 1020 2045 spes?
1070 1963 1237 2043 quod
1271 1963 1467 2027 animi
1499 1963 1848 2027 solacium?
1924 1963 2018 2028 Ut
2050 1982 2197 2027 cum
2243 1963 2455 2043 aliquo
2489 1962 2704 2026 adule-

0 2139 2 2144 ,
246 2070 463 2132 scente
510 2069 810 2151 primario
859 2069 1196 2133 coniuncta
1227 2071 1507 2133 aetatem
1540 2071 1797 2151 ageret?
1873 2069 2152 2134 Licitum
2185 2073 2283 2134 est
2313 2069 2454 2145 tibi,
2502 2068 2703 2145 credo,

0 2181 2 2234 Ι
241 2193 359 2257 pro
416 2175 530 2238 tua
586 2175 897 2257 dignitate
946 2194 1019 2240 ex
1064 2176 1185 2240 hac
1230 2176 1559 2239 iuventute
1610 2194 1915 2257 generum
1971 2176 2272 2258 deligere,
2332 2176 2512 2239 cuius
2558 2175 2704 2238 fidei

0 2259 2 2374 l
242 2281 477 2345 liberos
535 2283 681 2345 tuos
737 2284 801 2346 te
858 2283 999 2346 tuto
1058 2281 1453 2346 committere
1510 2282 1804 2364 putares!
1909 2285 2010 2345 An
2065 2284 2140 2346 ut
2207 2300 2281 2346 ea
2342 2282 2572 2345 liberos
2629 2300 2704 2345 ex

395 2470 442 2511 2.
482 2459 692 2527 erepta]
723 2458 890 2512 durch
918 2458 1107 2513 Casars
1134 2459 1486 2528 porsonliches
1513 2458 1809 2526 Regiment.
1843 2488 1907 2497 —
1937 2432 2073 2527 quid
2099 2460 2178 2513 ad
2206 2460 2440 2515 dolorem
2468 2460 2704 2528 adiunyi

231 2548 437 2617 potuit
451 2545 499 2614 ἓ]
541 2547 787 2614 „Welche
823 2547 1138 2615 Steigerung
1187 2548 1383 2601 konnte
1422 2546 1658 2600 dadurch
1696 2547 1788 2600 der
1824 2547 2066 2601 Schmerz
2102 2549 2236 2602 noch
2273 2549 2553 2603 erfahren?
2567 2550 2595 2574 “
2638 2580 2705 2587 —

239 2637 367 2705 qut]
399 2634 748 2689 Ablativform
780 2661 843 2678 =
876 2652 985 2705 quo
1011 2637 1188 2690 moda.
1227 2667 1295 2674 —
1326 2637 1540 2703 callere]
1583 2635 1905 2703 „Schwielen
1943 2637 2262 2704 bekommen,
2302 2637 2706 2708 unempfindlich

239 2725 419 2779 sein“.
494 2724 613 2793 Vgl.
664 2725 1007 2780 occallescere
1055 2726 1208 2795 epist.
1259 2725 1352 2791 VI,
1401 2724 1452 2778 4.
1493 2755 1559 2762 —
1599 2726 1737 2792 iam]
1791 2726 2214 2792 „nachgerade“.
2255 2754 2320 2763 —
2371 2727 2702 2793 existimare]

235 2815 360 2867 hier
395 2814 725 2867 konstruiert
760 2813 855 2867 wie
892 2815 1199 2869 aestimare.

395 2915 441 2956 3.
479 2902 599 2970 An]
637 2902 935 2972 entspricht
979 2903 1060 2956 als
1109 2904 1316 2957 zweites
1353 2901 1506 2959 Glied
1544 2904 1637 2958 (191·
1672 2903 1838 2971 Frage
1888 2902 2023 2972 quid
2066 2909 2148 2958 est
2198 2903 2344 2970 quod
2489 2903 2703 2956 intesti-

235 2989 395 3046 nus?
468 2989 996 3058 Gegeniibergestellt
1046 2992 1163 3044 sind
1216 2997 1350 3046 tuus
1389 2991 1543 3046 dolor
1582 2992 1688 3045 und
1725 2993 1881 3046 illius
1918 2992 2088 3046 vicem
2128 2991 2287 3046 dolce.
2329 3021 2394 3029 —
2432 2991 2621 3058 vicem]
2659 3008 2702 3044 c.

238 3079 378 3133 Gen.
416 3080 566 3147 giebt
600 3080 685 3133 bei
712 3080 919 3133 Verben
956 3079 1046 3132 des
1075 3078 1281 3133 Affekts
1318 3079 1418 3133 den
1448 3077 1636 3135 Grund
1673 3097 1756 3134 an.
1796 3110 1863 3117 —
1902 3079 2080 3149 credo]
2118 3080 2362 3146 ironisch,
2407 3080 2500 3132 wie
2535 3079 2705 3148 gleich

235 3168 493 3234 nachher,
533 3184 620 3221 um
660 3168 1004 3235 anzudeuten,
1044 3167 1161 3221 dass
1189 3168 1330 3221 diese
1359 3167 1463 3221 Art
1490 3185 1592 3222 von
1618 3168 1816 3221 Trauer
1843 3168 2066 3221 versehlt
2102 3169 2189 3222 ist.
2226 3200 2292 3207 —
2323 3175 2374 3222 et
2401 3185 2499 3223 nos
2525 3169 2704 3238 saepe]

235 3256 669 3310 Anakoluthisch
705 3257 781 3309 ist
816 3272 976 3325 saepe
1011 3257 1104 3310 hin
1142 3259 1427 3323 zugesetzt,
1465 3273 1554 3309 um
1591 3258 1841 3326 quotiens
1874 3258 2265 3324 aufzunehmen,
2302 3258 2492 3326 gerade
2531 3276 2586 3311 so
2613 3259 2706 3311 wie

238 3345 326 3398 oft
360 3346 430 3398 im
469 3345 838 3398 Lateinischen
876 3345 982 3398 und
1032 3345 1364 3413 regelmfissig
1410 3345 1485 3398 im
1522 3344 1888 3400 Griechischen
1942 3346 2024 3399 die
2060 3347 2409 3414 Fortsetzung
2445 3347 2587 3399 eines
2606 3347 2706 3421 ‘be-

234 3450 520 3501 gonnenen
554 3433 938 3487 Relativsatzes
975 3433 1141 3487 durch
1177 3434 1272 3487 das
1307 3434 1794 3488 Demonstrativum
1830 3436 2036 3503 erfolgt.
2076 3465 2143 3474 -—-
2180 3452 2296 3490 non
2322 3435 2555 3504 pessime
2583 3452 2707 3490 cum

236 3522 321 3576 iis
350 3538 460 3577 csse
488 3522 700 3588 actum]
742 3522 904 3588 „dass
931 3539 987 3576 es
1015 3522 1165 3576 nicht
1192 3539 1310 3575 zum
1338 3523 1739 3591 schlechtesten,
1779 3525 1829 3578 d.
1858 3523 1910 3578 h.
1941 3523 2058 3576 dass
2086 3541 2141 3577 es
2170 3541 2251 3576 am
2279 3524 2463 3577 besten
2490 3523 2708 3576 bestellt

235 3613 325 3664 ist
358 3611 460 3664 mit
496 3610 723 3664 denen“.
796 3610 868 3663 Es
917 3610 993 3664 ist
1040 3611 1124 3664 ein
1173 3627 1269 3664 aus
1316 3611 1432 3664 dem
1465 3610 1809 3680 juristischen
1845 3612 2303 3682 Sprachgebrauch
2341 3639 2409 3649 —
2448 3610 2555 3664 Ser.
2595 3611 2708 3664 Sul-

235 3699 419 3770 picius
454 3699 531 3753 ist
567 3699 652 3753 ein
688 3699 1130 3767 hervorragender
1156 3699 1623 3767 Rechtsgelehrter
1660 3729 1728 3739 —
1768 3700 2067 3778 entlehnter
2093 3698 2386 3765 Ausdruck,
2426 3705 2708 3768 urspriing÷

234 3787 355 3841 lich
407 3805 508 3841 von
558 3788 677 3841 dem
726 3787 1015 3842 Verfahren
1066 3788 1158 3842 der
1207 3788 1481 3842 Behorden
1530 3789 1838 3857 gebraucht.
1878 3818 1944 3826 —-
1992 3804 2058 3842 cx
2102 3789 2206 3841 hac
2255 3788 2560 3855 iuventute]
2610 3788 2707 3842 Die

235 3875 509 3944 damalige
554 3876 809 3930 romische
857 3876 891 3929 J
893 3877 1069 3949 ugend
1116 3893 1252 3943 war,
1304 3877 1400 3930 wie
1438 3877 1533 3930 das
1583 3878 1811 3947 Beispiel
1862 3877 1952 3930 des
1976 3877 2288 3945 Dolabella,
2340 3876 2431 3930 des
2480 3878 2708 3945 geschic-

233 3965 417 4019 (1911911
473 3962 675 4019 Gatten
724 3965 816 4018 der
864 3964 1039 4018 Tullia
1052 4007 1065 4032 ‚
1125 3966 1315 4019 bewies
1331 4008 1343 4032 ,
1395 3966 1518 4019 sehr
1577 3966 1998 4020 ausschweifend.
2073 3966 2221 4020 Auch
2272 3965 2399 4019 Hor.
2455 3966 2603 4019 ffihrt
2650 3965 2708 4034 ja

233 4051 330 4106 oft
377 4052 587 4120 Klagon
638 4053 876 4108 dal-fiber.
949 4054 1070 4122 Vgl.
1124 4054 1444 4108 namentlich
1495 4054 1580 4107 (119
1628 4056 1678 4108 6.
1729 4054 2030 4124 ΒδΠιθι-ράο.
2081 4085 2147 4092 -
2198 4053 2310 4123 An]
2360 4054 2710 4122 Fortsetzung

231 4141 435 4197 descen
453 4183 467 4208 ,
516 4157 625 4194 was
677 4141 820 4195 ihrer
868 4145 1004 4195 etwa
1052 4142 1186 4196 noch
1235 4143 1679 4209 bevorgestanden
1726 4143 1887 4196 habe:
1941 4143 2108 4211 „oder
2156 4143 2351 4197 etwa“.
2425 4143 2493 4196 So
2543 4144 2710 4211 wenig

227 4228 452 4284 Frende
490 4230 564 4283 sie
601 4230 770 4284 selbst
804 4230 889 4283 bei
925 4231 1092 4284 einem
1128 4231 1374 4298 langeron
1403 4230 1572 4284 Leben
1611 4231 1810 4299 gehabt
1845 4231 2015 4298 hatte,
2053 4247 2110 4286 so
2137 4231 2315 4302 ⁴wenig
2349 4231 2538 4300 hatten
2576 4231 2708 4292 auch

225 4318 362 4372 ihre
399 4317 601 4372 Kinder
641 4319 697 4372 in
735 4318 912 4372 diesen
949 4318 1129 4373 Zeiten
1176 4318 1405 4373 erhoffen
1450 4319 1673 4374 konnen.
1747 4319 1990 4373 Welcher
2024 4320 2417 4373 Pessimismus!
2492 4318 2708 4385 Tulliae,
