3146 4826
975 322 1234 377 Ciceronis
1271 324 1528 393 epistulae
1565 325 1788 378 selectae
1824 325 2009 380 XLVI.
2623 325 2722 383 175

250 484 416 547 mihi
476 484 874 565 exploratum
938 485 1037 547 est
1093 484 1276 547 illum
1333 503 1463 547 non
1521 485 1708 549 modo
1768 505 1894 549 non
1940 485 2292 563 facturum,
2354 488 2464 552 sed
2525 489 2720 552 etiam

250 609 334 654 ne
382 608 727 672 passurum
776 590 1032 670 quidem
1080 589 1295 654 fuisse.
1390 590 1709 672 Sequetur
1754 592 1940 656 Rufio
1987 592 2434 670 Vestorianus,
2481 594 2720 670 Victor,

251 714 613 777 numquam
663 696 955 778 scriptuS,
1003 697 1215 772 ceteri,
1265 698 1404 777 quis
1451 701 1630 760 non?
1694 697 1829 763 Cui
1878 699 2164 763 servire
2212 699 2359 781 ipsi
2406 718 2549 763 non
2594 720 2720 783 po-

252 804 572 878 tuimuS,
621 803 782 866 eius
829 803 1120 866 libellis
1167 821 1537 885 paremus.
1602 804 1771 867 Nam
1803 804 2287 868 Liberalibus
2337 806 2478 886 quis
2511 809 2720 888 potuit

253 910 318 972 in
367 912 668 973 senatum
715 928 841 972 non
888 909 1149 972 venire?
1218 910 1345 973 Fac
1376 909 1439 973 id
1470 911 1755 992 potuisse
1790 912 2002 991 aliquo
2034 911 2255 974 modo:
2302 932 2461 976 num
2507 914 2717 988 etiam,

253 1035 400 1079 cum
433 1016 849 1090 venissemu8‚
895 1015 1090 1079 libere
1135 1016 1462 1097 potuimus
1511 1017 1901 1080 sententiam
1948 1016 2201 1081 dicere?
2273 1018 2498 1082 Nonne
2546 1021 2714 1082 omni

251 1122 499 1185 ratione
531 1122 836 1197 veterani,
885 1122 994 1201 qui
1027 1122 1260 1185 armati
1292 1122 1576 1198 aderant,
1623 1142 1770 1188 cum
1818 1123 2117 1205 praesidii
2159 1142 2275 1187 nos
2322 1124 2479 1188 nihil
2526 1125 2717 1189 habe-

251 1247 489 1305 remuS,
537 1227 913 1291 defendendi
945 1227 1255 1291 fuerunt?
1323 1229 1514 1292 Illam
1548 1230 1967 1293 sessionem
2002 1229 2512 1312 Capitolinam
2559 1232 2716 1295 mihi

248 1355 379 1399 non
436 1335 753 1417 placuisse
815 1336 890 1397 tu
948 1335 1133 1398 testis
1195 1354 1280 1398 es.
1372 1334 1538 1414 Quid
1602 1339 1795 1417 ergo?
1870 1337 2008 1400 Ista
2067 1338 2256 1418 culpa
2315 1338 2715 1402 Brutorum?

249 1442 518 1505 Minime
565 1442 818 1504 illorum
871 1441 1156 1521 quidem,
1214 1441 1324 1504 sed
1374 1442 1643 1504 aliorum
1689 1443 2054 1516 brutorum,
2104 1443 2213 1522 qui
2261 1461 2327 1507 se
2376 1446 2595 1507 cautos
2645 1463 2717 1508 ac

251 1548 579 1630 sapientes
611 1549 860 1628 putant,
909 1548 1139 1627 quibus
1174 1548 1332 1611 satis
1379 1547 1503 1611 fuit
1547 1548 1794 1623 laetari,
1840 1568 1967 1611 non
2012 1549 2207 1612 nullis
2256 1549 2451 1612 etiam
2499 1552 2717 1629 gratu-

247 1655 388 1729 lari,
435 1654 632 1717 nullis
663 1672 1055 1736 permanere.
1127 1653 1251 1718 Sed
1297 1655 1647 1736 praeterita
1679 1655 2089 1728 omittamu83
2137 1654 2295 1718 istos
2344 1656 2515 1718 omni
2562 1674 2713 1719 cura
2739 1676 2763 1716 a

247 1760 693 1842 praesidioque
739 1762 1040 1823 tueamur
1087 1762 1180 1836 et,
1242 1779 1431 1840 quem
1480 1761 1560 1823 ad
1607 1761 1869 1824 modum
1915 1764 1988 1823 tu
2033 1761 2373 1842 praeeipiS,
2431 1763 2711 1825 contenti

246 1867 473 1930 Idibus
521 1867 773 1930 Martiis
836 1867 1070 1942 simuS,
1134 1885 1295 1947 quae
1346 1866 1603 1947 quidem
1648 1868 1882 1931 nostris
1946 1867 2196 1943 amiciS,
2257 1867 2484 1931 divinis
2542 1868 2712 1943 viriS,

249 1974 499 2037 aditum
557 1973 635 2036 ad
693 1973 941 2037 caelum
1000 1973 1341 2049 dederunt,
1401 1974 1769 2037 libertatem
1824 1974 2054 2056 populo
2100 1974 2388 2037 Romano
2432 1992 2557 2037 non
2606 1974 2713 2038 de-

247 2080 500 2145 derunt.
575 2080 931 2144 Recordare
964 2083 1113 2144 tua:
1162 2099 1369 2144 nonne
1401 2080 1750 2144 meministi
1783 2081 2059 2145 clamare
2107 2083 2170 2143 te
2212 2080 2423 2143 omnia
2453 2082 2710 2162 perisse,

248 2186 302 2249 si
350 2187 459 2250 ille
506 2187 771 2250 funere
821 2187 1075 2250 elatus
1124 2189 1342 2250 esset?
1424 2186 1759 2269 Sapienter
1804 2187 1867 2250 id
1912 2187 2202 2267 quidem;
2252 2187 2468 2266 itaque
2517 2205 2591 2249 ex
2638 2206 2709 2249 eo

248 2311 416 2373 quae
461 2293 786 2356 manarint
833 2291 1026 2356 videS.

243 2469 420 2522 lichen
456 2469 622 2522 Leute
658 2469 833 2538 folgen
870 2469 1099 2534 wiirden,
1136 2469 1220 2522 die
1257 2468 1418 2523 Cfisar
1454 2469 1675 2522 niemals
1711 2469 1766 2521 in
1803 2469 1980 2523 seinen
2016 2469 2269 2539 Papieren
2306 2472 2541 2536 genennt
2575 2469 2708 2522 habe

244 2559 577 2626 (numquam
604 2558 888 2625 scriptus),
926 2574 1029 2611 nur
1064 2558 1158 2610 auf
1189 2557 1281 2610 des
1307 2557 1572 2611 Antonius
1600 2557 1842 2610 Belieben
1872 2558 1980 2610 hin.
2021 2587 2088 2596 —
2126 2558 2258 2627 ipsi]
2295 2559 2471 2621 Dativ,
2510 2556 2709 2626 Gegen-

246 2650 364 2700 satz
403 2664 466 2700 zu
505 2647 717 2701 libellis.
757 2676 823 2684 -
863 2645 1012 2699 Nam
1040 2646 1417 2712 Liberalibus]
1455 2646 1559 2699 Mit
1586 2646 1729 2699 einer
1757 2646 2088 2713 Auslassung
2125 2646 2217 2698 des
2254 2647 2705 2714 vorhergehenden

245 2734 579 2800 Gedankens‚
618 2735 702 2788 die
738 2735 832 2788 wir
866 2735 1057 2802 gerade
1094 2735 1178 2788 bei
1213 2753 1364 2802 nam,
1402 2736 1652 2803 iibrigens
1688 2735 1824 2788 auch
1859 2734 1942 2787 bei
1979 2737 2089 2804 γὰρ
2135 2734 2475 2799 (namentlich
2514 2735 2564 2787 in
2607 2735 2705 2788 den

242 2823 576 2891 Tragiidien),
616 2823 693 2876 oft
728 2823 913 2877 haben.
970 2824 1090 2891 Vgl.
1131 2824 1286 2894 epist.
1315 2824 1379 2889 V,
1418 2826 1478 2890 33
1514 2824 1608 2889 IX,
1648 2825 1710 2889 1;
1747 2823 1884 2888 XLI,
1922 2823 1974 2875 2.
2038 2822 2110 2874 Es
2149 2822 2247 2875 soll
2283 2821 2398 2875 hier
2432 2822 2551 2874 dem
2586 2822 2707 2876 Ein-

242 2912 398 2964 wand
433 2913 697 2979 begegnet
732 2911 965 2964 werden:
1017 2912 1148 2977 „Du
1198 2912 1323 2964 hast
1365 2912 1423 2979 ja
1471 2911 1639 2964 selbst
1676 2911 1877 2963 damals
1914 2911 2014 2963 mit
2050 2910 2201 2963 dafiir
2236 2911 2538 2977 gestimmt,
2589 2911 2704 2964 dass

243 2999 436 3055 Casars
463 2999 829 3053 Massnahmen
858 3000 1121 3066 bestatigt
1149 2999 1412 3052 wurden.“
1487 3000 1759 3052 Antwort:
1801 2999 1951 3065 „Das
1979 3000 2111 3052 habe
2139 2998 2223 3051 ich
2252 2998 2454 3051 freilich
2489 2999 2701 3065 gethan,

242 3089 381 3142 denn
418 3089 504 3141 ich
538 3104 645 3141 war
670 3089 766 3141 wie
794 3089 888 3141 wir
915 3088 1017 3141 alle
1044 3089 1421 3156 gezwungen“.
1460 3118 1527 3126 —
1559 3086 1831 3156 potuisse]
1869 3105 1939 3141 sc.
1968 3089 2219 3157 aliquem.
2258 3117 2328 3127 —
2365 3086 2703 3152 defendendi

237 3177 502 3244 fuemnt]
552 3176 605 3230 N
606 3177 701 3229 ach
752 3177 844 3230 der
879 3176 1196 3245 Bedeutung
1244 3193 1343 3229 von
1395 3176 1684 3242 defendere
1731 3177 1970 3244 aliquem
2016 3219 2046 3244 ,.
2061 3177 2172 3230 sich
2217 3193 2383 3245 gegen
2425 3175 2701 3245 jemanden

236 3266 593 3333 verteidigen‚
644 3266 955 3319 schiitzen“.
1015 3293 1079 3302 —-
1132 3266 1441 3332 sessionem]
1494 3264 1545 3317 S.
1598 3264 1681 3317 die
1717 3265 2144 3333 Vorbemerkung
2192 3283 2254 3318 zu
2306 3265 2499 3318 diesem
2544 3264 2700 3319 Brief.

235 3345 385 3407 ⁷Uber
413 3354 498 3407 die
525 3354 841 3422 Bedeutung
869 3372 911 3408 s.
942 3373 1004 3408 zu
1032 3355 1187 3424 epist.
1216 3354 1381 3420 XXV,
1409 3354 1460 3408 2.
1501 3383 1568 3392 -
1612 3352 1762 3420 Quid
1799 3368 1924 3422 erqo
1939 3352 1990 3419 ἓ]
2027 3353 2177 3406 ffihrt
2211 3354 2312 3407 mit
2347 3354 2702 3407 rednerischer

235 3442 633 3510 Iaebhaftigkeit
686 3443 800 3496 eine
848 3441 1015 3509 Frage
1069 3443 1151 3495 ein
1166 3484 1179 3508 ,
1238 3442 1321 3494 die
1369 3441 1473 3496 Cic.
1526 3441 1620 3494 auf
1664 3439 1848 3495 Grund
1886 3441 2057 3510 (erqo)
2106 3442 2198 3495 des
2246 3442 2698 3509 vorhergehenden

235 3530 471 3596 Urteils,
523 3530 640 3584 dass
687 3531 796 3584 ihm
849 3531 932 3583 die
969 3530 1346 3594 Unthiitigkeit
1383 3530 1475 3583 der
1510 3530 1946 3583 Verschworenen
1995 3529 2281 3583 missfallen
2318 3530 2475 3595 habe,
2530 3530 2697 3595 stellt,

236 3636 330 3672 um
369 3620 445 3672 sie
481 3619 792 3672 verneinend
833 3636 895 3672 zu
932 3620 1307 3673 beantworten.
1349 3647 1415 3657 —
1453 3618 1764 3687 brutorum]
1802 3619 1894 3672 des
1922 3619 2237 3689 Wortspiels
2261 3619 2446 3672 halber
2470 3619 2699 3686 gewahlt

236 3731 315 3751 =
349 3708 663 3762 stultorum.
705 3738 772 3746 —
808 3704 951 3762 satis
987 3706 1129 3774 fuit]
1166 3708 1356 3775 gehbrt
1390 3708 1767 3775 grammatisch
1815 3725 1879 3760 zu
1916 3707 2016 3760 den
2053 3707 2165 3760 drei
2200 3707 2527 3773 Infinitiven‚
2575 3708 2700 3760 aber

236 3796 359 3849 dem
389 3796 547 3849 Sinne
584 3796 718 3850 nach
756 3796 902 3867 passt
937 3814 993 3849 es
1031 3813 1133 3849 nur
1170 3814 1234 3849 zu
1272 3797 1475 3850 laetari
1503 3797 1788 3864 (Zeugma).
1863 3797 1937 3849 Zu
1972 3797 2260 3866 yratulari
2297 3814 2347 3849 u.
2376 3811 2701 3865 permanere

235 3885 521 3938 entnehme
558 3902 677 3939 man
717 3886 906 3939 daraus
943 3889 1080 3938 etwa
1115 3885 1199 3938 ein
1227 3885 1469 3954 placuit.

390 3987 435 4028 s.
484 3975 611 4041 tua]
650 3974 844 4040 „deine
871 3974 1116 4028 Worte“.
1155 4003 1220 4011 —
1262 3989 1330 4027 eoe
1363 3989 1425 4028 eo
1461 3990 1604 4042 qnae
1640 3973 1949 4039 manarint]
1990 3972 2118 4039 „die
2145 3971 2359 4039 Folgen,
2397 3972 2481 4025 die
2508 3972 2698 4026 daraus

236 4065 595 4132 entsprangen
612 4064 662 4115 “.
736 4062 857 4130 Vgl.
897 4062 1121 4116 dariiber
1156 4060 1538 4131 Shakespeares
1592 4062 1811 4128 „Julius
1848 4060 2071 4115 Casas&
2145 4059 2252 4115 Cic.
2304 4063 2426 4128 sagt
2476 4060 2543 4113 ad
2579 4060 2696 4113 Att.

234 4150 383 4217 XIV,
423 4152 508 4216 10,
548 4153 577 4203 1
619 4151 753 4203 nach
788 4151 1085 4204 demselben
1123 4151 1245 4204 Satz
1291 4150 1387 4203 wie
1424 4150 1539 4203 hier
1572 4151 1873 4204 meministi
1911 4190 1924 4203 .
1946 4190 1958 4204 .
1981 4191 1992 4203 .
2032 4150 2209 4203 elatus
2245 4154 2404 4204 esset:
2460 4151 2564 4215 „at
2606 4148 2697 4200 ille

235 4239 399 4292 etiam
446 4240 498 4292 in
538 4238 650 4292 foro
686 4240 990 4292 combustus
1026 4239 1380 4308 laudatusque
1416 4238 1789 4292 miserabiliter
1826 4238 2062 4308 servique
2099 4243 2155 4291 et
2192 4241 2406 4306 egentes
2452 4236 2508 4289 in
2555 4238 2697 4288 tecta

233 4331 422 4381 nostra
457 4343 577 4380 cum
614 4326 814 4381 facibus
848 4328 1068 4381 immissi
1087 4330 1135 4382 “.
