3146 4826
466 326 533 383 18
1174 324 1433 379 Ciceronis
1469 325 1727 394 epistulae
1765 326 1986 376 selectae
2022 323 2111 376 IV.
2149 323 2211 376 V.

465 486 827 569 spondetur,
876 484 1043 575 apud
1089 503 1190 548 me
1239 485 1382 567 plus
1430 484 1616 547 officii
1653 485 1928 547 residere
1963 483 2261 546 facillime
2293 482 2515 564 patior.
2548 503 2552 508 ·
2591 480 2762 543 Illud
2795 499 2929 543 non

358 614 365 619 ’
466 592 700 663 dubito,
750 592 920 673 quin,
968 591 1022 653 si
1067 592 1132 653 te
1179 609 1324 654 mea
1372 609 1625 653 summa
1672 609 1822 671 erga
1867 591 1931 653 te
1979 589 2194 652 studia
2241 606 2468 670 parum
2508 587 2666 649 mihi
2699 587 2932 649 adiun-

465 698 702 772 xerint,
763 715 865 759 res
912 696 1165 777 publica
1212 714 1326 758 nos
1374 696 1542 759 inter
1587 714 1701 758 nos
1751 695 2162 758 conciliatura
2217 693 2756 773 coniuncturaque
2821 692 2934 755 sit.

415 824 441 864 3
465 808 558 867 Ac
602 823 681 867 ne
729 803 997 883 ignore8‚
1048 801 1198 883 quid
1238 820 1351 882 ego
1383 801 1448 864 in
1479 802 1608 863 tuis
1640 801 1870 864 litteris
1905 800 2333 875 desiderarim‚
2381 800 2654 863 scribam
2688 800 2937 881 aperte,

468 911 634 974 sicut
681 912 747 972 et
790 927 934 972 mea
980 910 1211 971 natura
1259 909 1324 971 et
1368 908 1589 970 nostra
1637 907 1915 970 amicitia
1946 907 2263 988 postulat:
2311 925 2438 969 res
2489 924 2620 969 eas
2670 906 2936 986 gessi,

470 1033 807 1096 quarum
886 1014 1247 1095 aliquam
1322 1016 1400 1076 in
1462 1013 1634 1076 tuis
1710 1013 2030 1076 litteris
2110 1014 2190 1076 et
2249 1014 2583 1074 nostrae
2645 1030 2942 1075 neces-

470 1121 870 1184 situdinis
934 1122 1011 1183 et
1086 1120 1203 1181 rei
1279 1120 1665 1201 publicae
1745 1137 1988 1182 causa
2065 1119 2720 1199 gratulationem
2797 1136 2938 1180 ex-

471 1225 880 1308 spectavi3
947 1243 1138 1305 quam
1188 1243 1301 1305 ego
1350 1226 1460 1287 abs
1510 1230 1572 1288 te
1620 1225 2136 1306 praetermissam
2195 1243 2332 1287 esse
2397 1224 2695 1298 arbitror,
2760 1223 2938 1303 quod

470 1350 775 1405 vererere,
821 1350 901 1394 ne
950 1332 1130 1393 cuius
1180 1331 1465 1393 animum
1497 1330 1862 1394 offenderes.
1942 1330 2066 1393 Sed
2115 1331 2270 1393 seito
2319 1348 2408 1404 ea,
2456 1348 2618 1410 quae
2663 1348 2780 1392 nos
2813 1348 2943 1410 pro

473 1439 678 1500 salute
726 1437 969 1518 patriae
1018 1437 1330 1517 gessimus
1351 1484 1365 1511 ‚
1426 1437 1592 1500 orbis
1641 1437 1848 1499 terrae
1907 1435 2138 1498 iudicio
2201 1454 2274 1498 ac
2336 1435 2696 1498 testimonio
2760 1454 2943 1498 com-

472 1544 759 1625 probari3
811 1561 990 1623 quae,
1046 1562 1192 1607 cum
1241 1543 1504 1617 veneria
1553 1546 1733 1605 tanto
1780 1542 2036 1604 consilio
2083 1543 2392 1621 tantaque
2442 1541 2636 1604 animi
2683 1542 2947 1621 magni-

472 1649 695 1712 tudine
745 1667 782 1711 a
828 1667 929 1711 me
986 1649 1167 1729 gesta
1221 1666 1357 1711 esse
1414 1666 1782 1728 cognosce8‚
1843 1651 1919 1710 ut
1980 1648 2093 1711 tibi
2155 1648 2358 1710 multo
2421 1647 2671 1722 maiori,
2735 1665 2944 1727 quam

474 1755 809 1818 Africanus
841 1753 984 1829 fuit,
1031 1772 1132 1815 me
1179 1773 1305 1816 non
1352 1753 1554 1815 multo
1601 1754 1911 1816 minorem
1962 1771 2153 1833 quam
2185 1753 2474 1815 Laelium
2521 1751 2704 1816 facile
2753 1756 2821 1815 et
2867 1753 2943 1814 in

475 1880 542 1923 re
590 1860 844 1942 publica
893 1861 957 1921 et
1001 1860 1067 1920 in
1116 1858 1394 1920 amicitia
1444 1858 1817 1921 adiunctum
1866 1877 2001 1921 esse
2049 1859 2311 1940 patiare.

474 2052 671 2118 golten‚
701 2066 758 2103 so
785 2050 955 2102 bleibt
981 2050 1074 2101 auf
1099 2049 1192 2102 der
1220 2049 1358 2101 Seite
1388 2049 1593 2103 Ciceros
1621 2050 1704 2117 ein
1733 2050 1883 2102 Mehr
1911 2051 2086 2117 (plus)
2117 2068 2214 2103 von
2242 2051 2552 2103 erwiesenen
2572 2050 2850 2102 Diensten.
2869 2081 2946 2087 —-

475 2139 739 2204 facillime
765 2138 979 2207 patior]
1021 2137 1147 2203 „ich
1184 2137 1290 2190 will
1327 2154 1383 2190 es
1419 2139 1521 2190 mir
1555 2155 1682 2204 geru
1722 2139 1947 2206 gefallen
1984 2139 2217 2191 lassen“.

625 2240 670 2280 3.
718 2225 1161 2291 necessitudinis]
1214 2225 1606 2278 unterscheidet
1652 2226 1762 2279 sich
1812 2227 1896 2279 bei
1933 2226 2035 2280 Cic.
2076 2244 2174 2280 von
2212 2227 2328 2279 dem
2360 2226 2617 2294 jiingeren
2653 2226 2811 2279 Wort
2845 2243 2952 2279 ‘ne-

479 2316 700 2369 cessitas
749 2331 834 2379 so,
886 2313 1003 2366 dass
1052 2329 1108 2365 es
1160 2313 1284 2379 „die
1333 2313 1748 2379 Freundschaft‚
1800 2314 1882 2366 die
1932 2332 2096 2382 engen
2114 2357 2125 2379 ,
2176 2314 2457 2382 cigentlich
2507 2314 2600 2367 auf
2643 2314 2949 2368 Naturnot·

479 2402 797 2471 wendigkeit
833 2401 1163 2455 beruhenden
1203 2401 1610 2470 Beziehungen“
1649 2402 1913 2456 bedentet.
1988 2403 2055 2457 So
2095 2406 2216 2471 sagt
2252 2401 2355 2457 Cic.
2386 2403 2449 2456 de
2477 2402 2600 2473 imp.
2631 2401 2724 2457 Cn.
2755 2403 2947 2473 Pomp.

481 2494 511 2559 ξ
547 2493 584 2544 4
624 2508 722 2543 von
759 2491 936 2543 seinen
972 2489 1381 2557 geschaftlichen
1417 2491 1826 2557 Verbindungen
1874 2492 1975 2543 mit
2023 2492 2115 2543 der
2152 2489 2622 2545 Geldaristokratie
2638 2534 2650 2557 ‚
2701 2508 2800 2544 aus
2850 2491 2955 2543 der

481 2597 539 2633 er
575 2580 739 2632 selbst
777 2581 1053 2631 stammte:
1109 2594 1247 2647 „pro
1285 2579 1697 2645 necessitudine,
1750 2596 1882 2647 quae
1932 2579 2061 2632 mihi
2097 2583 2181 2632 est
2217 2596 2332 2631 cum
2370 2580 2462 2633 illo
2499 2579 2743 2633 ordine“.
2820 2579 2949 2633 Tac.

481 2666 772 2735 gebraucht
807 2666 901 2718 das
937 2664 1091 2717 Wort
1129 2665 1317 2717 wieder
1351 2666 1408 2717 in
1443 2665 1697 2733 gleichem
1734 2666 1890 2718 Sinne
1928 2666 2022 2718 wie
2056 2667 2363 2733 necessitas,
2403 2685 2461 2720 so
2498 2668 2635 2722 Ann.
2673 2668 2714 2734 1,
2756 2669 2820 2721 9:
2858 2686 2954 2721 ne-

482 2754 800 2808 cessitudine
837 2753 913 2806 rei
949 2753 1211 2822 publicae,
1263 2753 1468 2818 „durch
1508 2754 1592 2806 die
1628 2754 1904 2823 politische
1941 2754 2229 2821 Notlage“.
2269 2786 2336 2793 -
2387 2772 2456 2809 ne
2493 2756 2654 2809 cuius
2689 2757 2956 2809 animum

485 2843 803 2911 offenderes]
842 2841 1162 2895 namentlich
1198 2841 1332 2893 auch
1367 2841 1505 2894 beim
1532 2841 1712 2894 Volke.
1778 2842 1957 2910 Pomp.
1986 2843 2177 2909 wollte‚
2214 2843 2343 2895 iiber
2371 2843 2453 2896 die
2482 2843 2784 2911 Stimmung
2811 2844 2954 2897 noch

484 2933 633 2985 nicht
668 2931 1046 2995 unterrichtet‚
1096 2931 1175 2982 als
1225 2929 1566 2997 vorsichtiger
1616 2930 1777 2982 Mann
1829 2971 1859 2996 „
1875 2946 1931 2982 es
1980 2931 2080 2982 mit
2129 2930 2436 2983 niemanden
2485 2932 2837 2985 verderben“.
2880 2961 2955 2969 —

484 3021 738 3086 Laelius]
782 3020 875 3072 der.
909 3018 1320 3085 hochgebildete‚
1361 3018 1630 3085 deswegen
1669 3018 1769 3070 den
1804 3017 2086 3070 Beinamen
2123 3018 2321 3087 Sapie
2334 3036 2369 3071 n
2382 3036 2408 3071 s
2446 3019 2697 3086 tragende
2736 3019 2957 3072 Freund

487 3109 578 3161 des
610 3101 864 3175 jiin‘geren
902 3106 1072 3174 Scipio
1108 3105 1399 3172 Africanus,
1440 3106 1572 3159 nach
1612 3106 1727 3159 dem
1767 3105 1871 3159 Cic.
1911 3107 2080 3159 seiner
2116 3107 2314 3159 Schrift
2353 3107 2458 3173 „de
2496 3107 2729 3160 amicitia
2743 3109 2773 3132 ‘⁶
2815 3108 2956 3160 auch

488 3197 587 3248 den
624 3195 763 3248 Titel
807 3195 926 3261 gab.
999 3184 1141 3246 Uber
1187 3193 1287 3246 den
1334 3211 1722 3262 ungezwungen
1758 3194 1968 3261 innigen
2006 3195 2241 3247 Verkehr
2278 3195 2371 3247 der
2405 3195 2588 3247 beiden
2626 3195 2733 3260 vgl.
2774 3194 2960 3249 Horaz

490 3286 589 3336 sat.
619 3282 691 3347 H,
721 3285 771 3348 1,
801 3283 867 3335 71
888 3281 949 3335 fi:
992 3281 1157 3349 „quin
1196 3282 1286 3334 ubi
1323 3297 1379 3334 se
1416 3298 1447 3333 a
1482 3282 1634 3348 volgo
1671 3286 1727 3334 et
1764 3299 1949 3334 scaena
1983 3283 2040 3335 in
2078 3285 2278 3336 secreta
2313 3286 2578 3336 remorant

986 3369 1156 3421 virtus
1193 3368 1459 3438 Scipiadae
1495 3374 1551 3422 et
1587 3370 1735 3422 mitis
1774 3370 2031 3438 sapientia
2068 3371 2224 3435 Laeli,

988 3458 1175 3524 nugari
1212 3473 1328 3508 cum
1364 3457 1456 3509 illo
1493 3461 1550 3509 et
1587 3457 1832 3510 discincti
1866 3458 2104 3511 ludere“.

492 3548 696 3602 Ciceros
723 3545 999 3613 Vergleich
1036 3544 1246 3597 enthalt
1281 3545 1394 3597 eine
1421 3544 1596 3611 grosse
1625 3544 1992 3598 Schmeichelei
2028 3546 2113 3599 fiir
2140 3546 2333 3615 Pomp,
2374 3547 2557 3599 dessen
2585 3546 2818 3601 Einssul's
2859 3566 2964 3602 von

491 3636 600 3687 ihm
638 3634 975 3688 iiberschatzt
1010 3633 1201 3685 wurde.

1677 3755 1747 3820 V

1055 3861 1230 3915 Cicero
1267 3877 1334 3913 an
1372 3859 1604 3914 Atticus,
1677 3861 1827 3927 Rom,
1863 3878 1947 3914 am
1985 3862 2071 3915 15.
2109 3861 2253 3913 Marz
2291 3862 2375 3914 60.

495 3940 770 4002 Ᾱιιΐεοτο
798 3953 931 4002 und
956 3954 1181 4003 innare
1209 3951 1809 4013 Verwiekelungen.
1865 3952 1990 4001 Elin
2016 3950 2310 4001 Ver-such
2347 3934 2451 4000 die
2480 3953 2717 4003 soziale
2746 3956 2968 4019 Frage

495 4053 574 4090 zu
609 4039 806 4090 loson.
872 4040 1130 4089 Ciceros
1167 4039 1517 4089 Anschlul's
1556 4053 1639 4089 an
1666 4038 2003 4099 Pompejus
2041 4038 2175 4088 und
2211 4038 2443 4087 stolzer
2477 4038 2858 4093 Riickblick
2895 4046 2972 4094 in

797 4128 973 4177 scine
1009 4127 1531 4188 Vorgangonheit
1562 4127 1673 4176 bei
1708 4126 2177 4176 zunehmender
2215 4124 2650 4188 Gef‘dhrdung.

641 4213 723 4265 Im
758 4211 957 4265 Januar
994 4212 1059 4265 61
1098 4212 1221 4263 kam
1256 4211 1535 4279 Pompejus
1571 4213 1637 4277 (s.
1674 4227 1779 4264 vor.
1817 4210 1982 4274 Brief)
2017 4210 2152 4263 nach
2185 4209 2318 4264 Rom
2364 4210 2472 4263 und
2516 4211 2645 4264 fand
2692 4213 2783 4266 fiir
2823 4217 2974 4270 seine

490 4300 751 4367 Antrage,
780 4299 1095 4353 namentlich
1127 4300 1212 4351 fiir
1240 4298 1323 4351 die
1348 4298 1706 4366 Bestiitigung
1732 4299 1901 4351 seiner
1917 4297 2287 4366 Verffigungen
2312 4298 2370 4350 in
2397 4297 2557 4351 Asien
2585 4299 2741 4355 keine
2769 4302 2977 4357 Unter·
