3146 4826
460 355 537 414 34
1116 356 1377 411 Ciceronis
1413 357 1671 427 epistulae
1707 358 1929 411 selectae
1964 358 2085 412 VII.
2123 358 2272 411 VIII.

468 536 645 581 amor
692 519 843 581 tuus
905 517 1058 594 fert,
1121 536 1267 581 vere
1328 519 1663 600 perscribe.
1753 518 1887 599 Ego
1951 518 2180 595 vitam,
2244 519 2452 599 quoad
2513 520 2752 602 putabo
2814 521 2942 582 tua

464 623 773 687 interesse
822 625 936 686 aut
983 623 1064 686 ad
1112 641 1291 705 spem
1338 624 1719 687 servandam
1758 642 1915 700 esse,
1962 625 2261 688 retinebo.
2339 626 2433 688 Tu
2465 626 2644 689 nobis
2680 625 2938 689 amicis-

467 730 702 793 simum
767 729 1050 793 Sestium
1112 748 1485 810 cognosces;
1555 730 1740 794 credo
1802 732 1916 792 tua
1978 748 2172 793 causa
2232 731 2391 794 velle
2454 731 2947 808 Lentulum,

469 835 578 917 qui
623 836 744 899 erit
791 836 1029 899 consul.
1123 834 1532 916 Quamquam
1580 836 1732 899 sunt
1777 835 1948 899 facta
1993 836 2201 899 verbis
2249 835 2618 900 difficiliora.
2710 838 2806 900 Tu
2867 840 2942 901 et

468 942 620 1022 quid
667 960 824 1024 opus
875 942 958 1004 sit
1006 943 1071 1004 et
1126 941 1279 1021 quid
1342 941 1456 1017 sit,
1517 941 1778 1005 videbis.
1872 940 2144 1005 Omnino
2192 942 2248 1005 si
2293 943 2475 1006 tuam
2522 943 2938 1007 solitudinem

468 1066 997 1128 communemque
1063 1048 1496 1111 calamitatem
1550 1067 1736 1111 nemo
1784 1048 2169 1130 despexerit,
2233 1051 2379 1112 aut
2439 1068 2577 1131 per
2637 1052 2713 1113 te
2777 1051 2941 1113 ali-

469 1153 660 1234 quid
707 1152 1195 1216 conficiant
1238 1153 1467 1217 nullo
1512 1154 1740 1217 modo
1780 1155 2122 1237 poterit;
2172 1155 2271 1218 sin
2305 1156 2369 1219 te
2404 1174 2657 1236 quoque
2687 1156 2943 1220 inimici

466 1278 692 1324 vexare
741 1261 1079 1342 coeperint,
1125 1279 1205 1323 ne
1253 1261 1554 1334 cessaris;
1602 1280 1730 1324 non
1778 1262 1948 1325 enim
1994 1262 2222 1342 gladiis
2271 1264 2504 1339 tecum,
2552 1262 2664 1326 sed
2705 1263 2947 1326 litibus

469 1368 711 1446 agetur.
773 1366 1021 1430 Verum
1066 1366 1225 1430 haec
1272 1367 1484 1430 absint
1530 1368 1738 1431 velim.
1815 1368 1900 1430 Te
1939 1386 2065 1444 or0,
2111 1370 2187 1431 ut
2233 1368 2314 1430 ad
2359 1388 2462 1432 me
2510 1368 2586 1432 de
2635 1369 2943 1432 omnibus

466 1473 658 1535 rebus
703 1473 1014 1536 rescribas
1065 1476 1130 1536 et
1173 1473 1240 1535 in
1287 1491 1389 1536 me
1439 1473 1636 1536 animi
1684 1474 1955 1556 [potius]
2006 1475 2119 1536 aut
2167 1475 2410 1537 consilii
2471 1475 2682 1538 minus
2738 1476 2951 1556 putes

468 1596 605 1641 esse
656 1596 849 1658 quam
898 1579 1104 1654 antea,
1153 1579 1384 1642 amoris
1433 1598 1581 1643 vero
1630 1580 1694 1643 et
1740 1579 1927 1643 officii
1973 1598 2098 1643 non
2143 1580 2374 1643 minus.

1315 1809 1479 1871 VIH
1518 1812 1616 1885 (ad
1647 1814 1772 1872 Att.
1803 1816 1915 1886 ΙΙΙ,
1951 1815 2074 1888 18).

789 1911 898 1966 Scr.
926 1911 1321 1966 Thessalonicae
1356 1913 1526 1966 medio
1562 1930 1739 1966 mense
1776 1913 2071 1983 Septembri
2107 1930 2154 1967 a.
2184 1931 2235 1967 u.
2266 1931 2309 1967 c.
2341 1915 2444 1968 696
2476 1915 2604 1981 (58).

1005 2019 1373 2095 CICERO
1432 2020 1818 2096 ATTICO
1877 2021 2388 2096 SALUTEM.

418 2187 442 2226 1
647 2160 1204 2242 Exspectationem
1248 2162 1429 2226 nobis
1476 2181 1603 2225 non
1648 2181 1913 2245 parvam
1970 2165 2312 2240 attuleras,
2375 2183 2522 2227 cum
2584 2164 2952 2246 scripseras

469 2265 827 2330 Varronem
889 2267 1006 2330 tibi
1065 2286 1177 2348 pro
1240 2268 1520 2331 amicitia
1583 2268 1988 2332 confirmasse
2051 2288 2312 2333 causam
2371 2271 2658 2333 nostram
2701 2269 2955 2333 Pom-

617 2543 662 2584 5.
715 2530 846 2598 fert]
887 2532 1031 2598 „mit
1067 2532 1179 2585 sich
1214 2533 1415 2600 (latein.
1453 2533 1539 2586 nie
1576 2534 1776 2598 seeum)
1810 2534 2053 2601 bringt“.
2107 2564 2174 2573 —-
2223 2534 2301 2587 ad
2335 2534 2506 2602 spem]
2547 2534 2674 2600 „ffir
2710 2534 2794 2586 die
2835 2534 2949 2588 Zu-

469 2618 683 2672 kunft“.
734 2649 804 2657 —
852 2618 1005 2687 velle]
1045 2620 1209 2673 durch
1246 2620 1330 2674 die
1367 2621 1613 2688 Stellung
1647 2639 1739 2675 vor
1777 2621 1894 2674 dem
1930 2622 2154 2690 Subjekt
2187 2623 2401 2675 betont:
2441 2622 2676 2688 „bereit,
2713 2622 2952 2689 geneigt

471 2707 642 2773 sein“,
679 2708 907 2761 namlich
945 2726 1043 2762 uns
1081 2726 1144 2761 zu
1179 2709 1368 2763 helsen.
1429 2709 1635 2762 Ebenso
1671 2710 1745 2763 ist
1771 2716 1905 2763 suut
1931 2711 2064 2763 nach
2094 2727 2424 2779 quamquam
2450 2711 2664 2763 betont:
2703 2710 2949 2777 „gewil's

452 2796 590 2849 sind
603 2796 652 2849 “.
705 2826 771 2834 —
823 2797 888 2850 P.
928 2797 1217 2852 Cornelius
1252 2797 1527 2852 Lentulus
1563 2797 1848 2866 Spinther]
1898 2799 1997 2851 hat
2043 2800 2123 2852 als
2159 2798 2361 2852 Konsul
2398 2799 2490 2852 des
2524 2799 2575 2852 J.
2614 2799 2682 2853 57
2722 2797 2951 2853 Ciceros

468 2884 584 2937 hier
619 2885 753 2939 noch
790 2886 1057 2938 schwache
1092 2885 1362 2954 Hoffnung
1396 2888 1753 2954 (quamquam
1789 2888 1911 2952 etc.)
1946 2888 2363 2955 gerechtfertigt.
2415 2916 2481 2925 —
2531 2892 2688 2941 tuam
2733 2888 2947 2941 solitu-

470 2973 677 3041 dinem]
719 3016 748 3041 „
764 2974 884 3027 dich
919 2974 974 3027 in
1011 2974 1189 3027 deiner
1223 2974 1643 3042 Verlassenheit,
1682 2975 1750 3028 da
1785 2975 1857 3027 du
1893 2975 2026 3028 ohne
2060 2976 2199 3029 mich
2235 2976 2408 3030 bist“.
2480 2976 2592 3029 Das
2628 2975 2950 3030 Substanti-

469 3079 592 3114 vum
627 3063 726 3115 hat
758 3062 1163 3131 begriindenden
1198 3062 1327 3115 Sinn
1373 3063 1468 3116 wie
1511 3062 1594 3116 in:
1644 3062 1904 3117 Fabricii
1939 3064 2120 3117 virtus
2156 3064 2435 3133 corrumpi
2470 3080 2583 3118 uon
2608 3064 2819 3133 potuit.
2864 3095 2947 3104 -—

448 3187 463 3202 .
472 3147 666 3221 officii]
708 3192 737 3217 ‚,
749 3150 1118 3218 Pflichtgeffihl
1131 3151 1179 3204 “.

1598 3326 1801 3395 VIII.

866 3431 1040 3485 Cicero
1077 3449 1143 3485 an
1181 3433 1408 3487 Atticus.
1482 3433 1873 3499 Thessalonich,
1910 3434 2069 3486 Mitte
2106 3433 2410 3503 September
2446 3435 2531 3489 58.

613 3536 829 3590 Atticus
864 3538 963 3590 hat
997 3538 1096 3592 den
1134 3540 1455 3592 verbannten
1492 3537 1670 3594 Cicero
1708 3556 1804 3593 von
1840 3538 1975 3592 Rom
2011 3556 2107 3592 aus
2156 3539 2291 3592 nach
2326 3538 2549 3593 Kraften
2595 3543 2943 3596 unterstiitzt

456 3625 637 3678 *durch
666 3624 870 3693 Kredit,
907 3627 1446 3694 Berichterstattung,
1474 3627 1868 3695 Vermittelung
1905 3627 1997 3680 des
2023 3627 2430 3694 Briefwechsels,
2468 3628 2629 3696 Sorge
2664 3629 2750 3681 fiir
2787 3631 2940 3685 seine

468 3713 686 3767 Familie
723 3715 830 3767 und
866 3715 1394 3768 freundschaftlichen
1426 3716 1713 3785 Zuspruch.
1779 3714 1930 3770 Ohne
1964 3715 2175 3781 grossen
2211 3717 2523 3785 politischen
2560 3716 2783 3771 Einfiuss
2822 3735 2939 3772 war

470 3819 528 3855 er
565 3802 698 3855 doch
736 3802 829 3856 der
864 3805 1000 3855 stets
1037 3803 1194 3871 ruhig
1229 3803 1515 3871 bleibende,
1552 3805 1826 3872 geeignete
1863 3804 2189 3858 Vermittler.

612 3891 723 3944 Der
757 3891 994 3958 folgende
1029 3892 1178 3945 Brief
1209 3892 1373 3960 zeigt,
1423 3893 1517 3945 wie
1564 3893 1648 3945 die
1695 3910 1907 3960 ganzo
1944 3892 2481 3962 Entscheidung
2524 3893 2640 3948 hier
2676 3894 2840 3949 sehon
2875 3897 2939 3951 in

471 3980 573 4032 den
610 3978 833 4032 Handen
870 3979 961 4031 des
995 3979 1050 4031 in
1089 3977 1295 4032 Gallien
1333 3980 1619 4033 stehenden
1657 3980 1780 4034 Cas
1794 3997 1867 4033 ar
1912 3981 2097 4048 ruhte,
2149 3981 2282 4035 ohne
2331 3982 2432 4035 den
2480 3982 2613 4035 auch
2649 3983 2941 4053 Pompeius

468 4067 648 4120 nichts
686 4067 769 4119 ffir
805 4065 981 4120 Cicero
1018 4068 1396 4121 unternehmen
1434 4068 1646 4122 konnte.

623 4185 665 4226 1.
716 4173 800 4226 M.
840 4173 1128 4228 Terentius
1171 4173 1372 4240 Varro]
1424 4175 1509 4227 ein
1547 4174 1668 4227 sehr
1703 4175 1968 4242 gelehrter
2003 4175 2163 4229 Manu
2180 4218 2193 4242 ,
2244 4193 2341 4229 von
2379 4177 2565 4230 dessen
2602 4177 2941 4234 zahlreichen

470 4260 733 4314 Schriften
780 4261 876 4314 wir
922 4261 1056 4315 noch
1102 4261 1189 4314 ein
1223 4262 1385 4315 Werk
1434 4263 1542 4329 „de
1590 4280 1647 4316 re
1694 4264 1935 4316 rustica“
1974 4264 2083 4316 und
2118 4265 2480 4318 Bruchstiicke
2527 4265 2669 4319 eines
2721 4268 2941 4321 solchen

473 4349 582 4418 „de
618 4349 799 4417 lingua
832 4350 1042 4403 latina“
1082 4349 1330 4405 besitzen.
1402 4351 1581 4404 Durch
1620 4352 1760 4406 seine
1796 4352 2020 4406 Studien
2054 4369 2163 4405 war
2197 4370 2253 4406 er
2290 4354 2391 4407 mit
2428 4352 2532 4408 Cic.
2569 4354 2680 4407 und
2718 4354 2942 4410 Atticus
