3146 4826
890 320 1151 377 Ciceronis
1187 322 1444 393 epistulae
1482 323 1704 377 selectae
1740 322 1856 377 XX.
2533 319 2605 381 95

181 481 396 563 patria?
488 482 740 559 „Malae
797 483 1192 548 condiciones
1249 484 1484 547 erant.“
1576 483 1833 560 Fateor,
1899 483 2011 548 sed
2063 503 2220 548 num
2278 484 2432 566 quid
2484 484 2604 550 hoc
2627 504 2651 543 ι

180 588 372 669 peius?
470 591 601 666 „At
653 590 1055 671 recuperabit
1110 608 1247 653 rem
1301 589 1676 672 publicam.“
1779 588 2087 668 Quando?
2145 592 2260 654 aut
2315 590 2467 671 quid
2524 590 2606 654 ad

181 712 294 758 eam
337 713 511 777 spem
559 699 658 760 est
702 697 956 778 parati?
1002 714 1129 759 non
1177 714 1328 778 ager
1357 696 1631 760 Picenus
1673 696 1991 760 amissus?
2037 715 2166 760 non
2211 697 2605 779 patefactum

181 800 280 864 iter
320 802 395 865 ad
426 804 694 867 urbem?
740 821 868 866 non
898 803 1168 885 pecunia
1199 803 1403 866 omnis
1445 805 1511 867 et
1550 803 1807 885 publica
1854 804 1920 866 et
1959 802 2209 885 privata
2242 802 2601 868 adversario

182 907 424 972 tradita?
502 910 794 990 Denique
841 909 1021 973 nulla
1068 927 1279 985 causa,
1326 910 1540 973 nullae
1589 910 1773 985 vires,
1819 910 1998 973 nulla
2038 909 2238 987 sedeS,
2285 928 2410 990 quo
2459 929 2606 974 con-

183 1017 407 1078 currant
461 1015 572 1097 qui
627 1035 765 1081 rem
818 1016 1141 1098 publicam
1198 1014 1526 1080 defensam
1583 1016 1810 1080 velint:
1877 1016 2111 1099 Apulia
2177 1015 2427 1080 delecta
2491 1018 2604 1093 est,

181 1119 517 1185 inanissima
546 1140 697 1203 pars
728 1122 957 1186 Italiae
1006 1123 1073 1185 et
1114 1123 1193 1186 ab
1238 1122 1486 1204 impetu
1525 1122 1720 1186 huius
1767 1122 1919 1186 belli
1948 1123 2405 1197 remotissima;
2454 1123 2607 1205 fuga

185 1228 236 1289 et
272 1227 582 1292 maritima
628 1230 1067 1312 opportunitas
1114 1229 1250 1292 visa
1297 1230 1519 1310 quaeri
1566 1229 2021 1311 desperatione.

330 1334 468 1397 Non
514 1336 724 1419 recepi
765 1335 1070 1417 Capuam,
1116 1353 1242 1398 non
1290 1354 1414 1416 quo
1460 1353 1697 1399 munus
1744 1335 1905 1399 illud
1952 1334 2336 1417 defugerem,
2384 1335 2496 1399 sed
2541 1333 2606 1398 in

185 1456 241 1502 ea
269 1458 464 1517 causa,
509 1442 580 1504 in
626 1460 754 1522 qua
797 1442 1062 1505 nullus
1111 1443 1319 1505 esset
1364 1441 1738 1516 ordinum,
1785 1442 2048 1505 nullus
2097 1442 2408 1524 apertus
2455 1441 2608 1523 pri-

183 1547 490 1612 vatorum
527 1547 763 1625 dolor,
803 1548 1169 1612 bonorum
1201 1549 1454 1612 autem
1488 1549 1698 1612 esset
1730 1548 2041 1629 aliquis,
2075 1547 2204 1611 sed
2236 1547 2492 1623 hebes,
2523 1547 2608 1610 ut

184 1653 371 1730 solet,
417 1656 515 1732 et,
562 1657 647 1718 ut
677 1656 836 1737 ipse
871 1654 1312 1730 sensissem,
1359 1654 1780 1719 multitudo
1822 1657 1896 1718 et
1934 1653 2248 1718 infimus
2283 1653 2606 1735 quisque

180 1777 566 1842 propensus
613 1761 689 1825 in
722 1761 1049 1826 alteram
1083 1762 1401 1843 partem,
1446 1762 1674 1825 multi
1706 1761 2163 1826 mutationis
2197 1778 2449 1824 rerum
2480 1778 2608 1823 cu-

180 1865 335 1946 pidi,
378 1867 503 1931 dixi
548 1868 672 1951 ipsi
716 1887 820 1932 me
859 1868 1022 1931 nihil
1054 1870 1508 1951 suscepturum
1541 1869 1676 1932 sine
1707 1868 2022 1951 praesidio
2056 1870 2122 1931 et
2154 1867 2289 1931 sine
2319 1867 2605 1949 pecunia.

179 1970 377 2053 Itaque
397 2033 398 2036 ,
421 1974 618 2038 habui
654 1974 814 2038 nihil
846 1975 1099 2050 omnino
1146 1975 1400 2056 negotii,
1450 1975 1617 2055 quod
1666 1976 1745 2038 ab
1790 1975 1972 2039 initio
2019 1973 2149 2037 vidi
2194 1974 2354 2036 nihil
2387 1972 2605 2054 quaeri
2631 1995 2654 2034 5

179 2081 398 2158 praeter
442 2080 695 2162 fugam:
745 2099 885 2144 earn
934 2081 990 2144 si
1033 2099 1205 2144 nunc
1253 2099 1500 2162 sequor,
1550 2084 1867 2162 quonam?
1956 2080 2120 2146 Cum
2166 2080 2273 2143 illo
2320 2098 2476 2152 non;
2526 2079 2606 2142 ad

182 2201 343 2263 quem
396 2206 541 2251 oum
598 2205 808 2252 essem
861 2186 1211 2270 profectus,
1268 2188 1531 2269 cognovi
1585 2188 1652 2251 in
1706 2188 1784 2251 iis
1839 2187 1993 2252 locis
2050 2204 2189 2251 esse
2246 2185 2605 2261 Caesarem,

180 2292 242 2353 ut
279 2294 412 2356 tuto
457 2293 796 2358 Luceriam
840 2294 1054 2358 venire
1100 2311 1228 2357 non
1272 2311 1545 2375 possem.
1637 2293 1848 2359 Infero
1894 2293 2057 2358 mari
2104 2293 2310 2369 nobis,
2365 2292 2605 2355 incerto

181 2450 298 2458 ᾖ..

179 2557 556 2612 zurtickhaltend
582 2558 854 2627 geiiussert
880 2559 1048 2615 hatte.
1088 2591 1156 2600 —
1192 2561 1376 2615 malae
1403 2559 1775 2626 condiciones]
1804 2558 2008 2613 Ebenso
2036 2558 2131 2612 wie
2159 2558 2388 2612 nachher
2415 2564 2480 2613 at
2506 2561 2604 2612 etc.

179 2643 245 2697 ein
275 2644 534 2712 Einwand‚
575 2647 675 2701 den
712 2647 818 2702 Cic.
858 2649 970 2702 sich
1009 2650 1177 2703 selbst
1211 2649 1406 2715 macht‚
1445 2665 1533 2702 um
1569 2648 1661 2701 ihn
1700 2647 1869 2716 gleich
1908 2665 1973 2701 zu
2009 2647 2335 2716 widerlegen.
2376 2675 2445 2686 --
2482 2647 2604 2714 hoe]

179 2734 278 2797 „als
313 2735 404 2789 der
431 2736 627 2804 jetzige
665 2736 964 2792 Zustand“.

294 2836 339 2879 4.
389 2824 526 2892 quid
572 2824 651 2878 ad
697 2839 816 2878 eam
850 2842 1001 2894 spem
1035 2832 1114 2881 est
1140 2825 1362 2895 parati]
1412 2825 1648 2893 „welche
1665 2820 2132 2892 'Vorbereitungen
2180 2823 2298 2877 sind
2334 2822 2605 2891 getroffen,

176 2908 242 2964 die
273 2929 331 2966 zu
370 2913 536 2967 dieser
572 2912 891 2982 Erwartung
930 2913 1260 2982 berechtigen
1275 2913 1303 2967 ¹?
1318 2915 1349 2941 ‘⁸
1398 2944 1466 2953 —
1516 2914 1682 2968 nulla
1717 2912 1912 2981 eausa]
1965 2913 2130 2979 „kein
2166 2912 2373 2965 rechter
2408 2911 2606 2963 Partei-

173 2999 310 3066 geist,
360 3002 478 3056 kein
513 3002 730 3069 Panier,
778 3003 900 3056 kein
936 3003 1142 3057 rechtes
1179 3003 1547 3070 Programm“.
1624 3001 1728 3057 Cic.
1768 3001 1875 3055 will
1913 3017 2072 3068 sagen
2090 3042 2102 3066 ,
2153 3000 2238 3054 die
2274 3016 2341 3052 an
2379 2998 2487 3052 und
2522 2998 2607 3052 fiir

175 3087 267 3140 sich
296 3093 424 3158 gute
460 3091 628 3145 Sache
663 3092 833 3145 werde
871 3109 929 3145 so
964 3092 1213 3160 geleitet‚
1264 3091 1380 3145 dass
1418 3091 1493 3145 sie
1529 3091 1776 3158 hinfallig
1809 3089 1994 3143 werde.
2049 3119 2114 3128 —
2163 3088 2310 3158 fuya
2344 3093 2399 3142 et
2433 3087 2606 3142 mari·

174 3175 288 3231 tima
318 3180 738 3248 opportunitas]
788 3181 870 3233 Da
907 3181 1085 3250 Pomp.
1124 3181 1258 3234 nach
1295 3180 1635 3235 Brundisium
1683 3195 1953 3247 gegangen
2001 3179 2102 3245 ist,
2156 3194 2213 3231 so
2260 3178 2359 3231 hat
2403 3193 2459 3230 es
2505 3176 2606 3230 den

176 3262 405 3323 Auschein
422 3311 435 3335 ,
488 3269 568 3322 als
619 3268 776 3322 suche
827 3285 885 3321 er
933 3268 1067 3322 nach
1115 3269 1257 3322 einer
1305 3269 1593 3337 giinstigen
1642 3266 1983 3333 Gelegenheit
2030 3267 2157 3320 iiber
2206 3266 2300 3320 das
2348 3265 2493 3319 Meet
2542 3282 2605 3318 zu

172 3350 347 3411 fliehen.
387 3386 457 3395 —
492 3373 609 3411 non
642 3357 826 3425 recepi
865 3355 1138 3425 Capuam]
1177 3356 1282 3412 Cic.
1323 3357 1445 3410 wies
1483 3357 1584 3410 den
1611 3354 1853 3423 Austrag‚
1892 3354 2070 3424 Capua
2108 3372 2171 3408 zu
2208 3354 2392 3408 halten
2427 3353 2602 3423 (epist.

172 3438 327 3496 XVIII
352 3444 537 3512 Eudo),
578 3445 781 3499 alsbald
820 3446 1027 3513 zuriick‚
1068 3446 1185 3499 weil
1221 3463 1279 3499 er
1314 3445 1513 3512 eiusab,
1551 3445 1668 3500 dass
1706 3445 1838 3498 ohne
1866 3444 2009 3497 Heer
2036 3443 2129 3497 der
2155 3442 2307 3496 Platz
2335 3440 2485 3495 nicht
2518 3458 2605 3509 ge·

171 3526 327 3586 hulten
353 3525 561 3588 werden
588 3534 773 3601 kenne,
801 3535 910 3588 und
937 3534 1074 3589 nach
1101 3534 1194 3589 der
1221 3534 1519 3602 Auflosung
1539 3534 1642 3587 der
1667 3533 1968 3601 Regiorung
1994 3534 2081 3598 (zu
2101 3531 2255 3601 epist.
2276 3529 2406 3583 XIX
2424 3528 2605 3596 Anfg.)

170 3615 270 3673 kein
303 3619 436 3676 Geld
473 3622 543 3675 da
577 3639 685 3676 war
700 3665 713 3689 ‚
764 3640 854 3676 um
904 3623 1015 3677 dies
1054 3640 1118 3677 zu
1153 3623 1520 3677 mobilisieren.
1575 3652 1643 3661 —
1693 3622 1871 3688 dolor]
1920 3621 2049 3673 iiber
2086 3619 2276 3675 Casars
2311 3608 2605 3685 Ubergriffe

171 3707 260 3761 und
306 3710 387 3764 die
420 3711 779 3779 jammervolle
813 3713 953 3780 Lago
990 3713 1082 3766 des
1117 3712 1321 3767 Senats.
1375 3742 1443 3750 —
1492 3710 1794 3777 sensissem]
1844 3708 2196 3777 Konjunktiv,
2247 3707 2365 3761 weil
2401 3705 2605 3761 Ciceros

169 3792 506 3868 Erwagungen
545 3801 846 3868 angegeben
882 3801 1105 3856 werden.

292 3899 335 3941 ⁶.
373 3888 512 3956 ipss]
552 3888 672 3943 dem
700 3889 878 3959 Pomp.
919 3920 987 3928 —
1024 3889 1172 3944 nihil
1196 3890 1421 3945 omnino
1447 3886 1679 3958 negotii]
1717 3886 2129 3956 Abgeschwacht
2155 3885 2322 3940 heisst
2357 3902 2413 3939 es
2449 3882 2602 3955 e‘pist.

169 3968 292 4042 m,
326 3976 389 4032 5:
425 3977 649 4032 nullum
683 3977 869 4031 maius
903 3978 1185 4047 negotium
1218 3978 1492 4046 suscipere
1526 3977 1695 4031 volui.
1735 4005 1800 4014 —
1841 3975 1918 4029 ad
1956 3991 2114 4043 quem
2141 3990 2265 4030 cum
2291 3989 2454 4030 essem
2470 3987 2605 4043 pro·

169 4057 343 4132 fectus]
379 4066 562 4136 Pomp.
600 4065 753 4119 hatte
788 4066 872 4120 ein
908 4082 1038 4136 paar
1072 4065 1213 4134 Tage
1249 4066 1435 4119 vorher
1470 4064 1576 4120 Cic.
1613 4063 1749 4118 nach
1785 4064 2001 4118 Luceria
2035 4064 2092 4117 in
2127 4061 2370 4134 Apulien,
2406 4078 2485 4116 wo
2521 4061 2606 4115 die

170 4148 346 4207 fiberall
382 4154 716 4208 weichenden
751 4154 998 4225 Truppen
1036 4170 1563 4223 zusammengezogen
1600 4153 1807 4207 werden
1855 4153 2045 4207 sollten
2058 4195 2071 4220 ‚
2123 4153 2389 4207 entboten.
2462 4149 2607 4204 Aber

171 4237 245 4290 auf
272 4240 387 4294 dem
413 4242 577 4311 Wege
611 4241 828 4296 dorthin
854 4242 1033 4296 erfuhr
1060 4242 1245 4309 dieser,
1283 4241 1400 4296 dass
1427 4240 1619 4296 Casars
1646 4242 1972 4295 Patrouillen
2000 4241 2159 4295 sehon
2184 4240 2240 4295 in
2269 4240 2362 4294 der
2389 4237 2605 4308 Gegend

174 4326 404 4398 streisten,
441 4331 551 4385 und
587 4330 774 4384 kehrte
810 4330 974 4384 daher
1010 4346 1116 4385 um.
1153 4359 1226 4370 -
1260 4331 1471 4386 incerto
1509 4330 1704 4397 cwrsu]
1743 4371 1773 4397 „
1788 4329 1922 4385 ohne
1950 4329 2067 4384 dass
2094 4345 2217 4384 man
2244 4329 2339 4382 das
2368 4327 2476 4382 Ziel
2512 4328 2606 4381 der
