3146 4826
985 344 1244 399 Ciceronis
1281 346 1538 415 epistulae
1576 348 1798 401 selectae
1833 347 1957 402 XII.
2634 346 2703 406 57

243 506 430 586 caput
498 522 720 569 meum
792 507 977 586 quasi
1046 507 1414 571 certaminis
1486 525 1681 572 causa
1749 509 1814 571 in
1882 508 2162 573 mediam
2237 511 2707 575 contentionem

241 609 830 692 dissensionemque
877 612 1159 686 civilem3
1226 630 1350 695 quo
1396 614 1463 677 in
1510 613 1871 679 discrimine
1920 634 2068 679 cum
2111 616 2378 680 mirifica
2425 620 2704 694 senatus,

239 716 625 781 incredibilis
671 717 905 782 Italiae
950 719 1148 782 totius
1162 766 1177 795 ‚
1240 720 1581 800 singularis
1640 720 1925 784 omnium
1987 722 2297 786 bonorum
2361 741 2704 787 consensus

239 822 301 885 in
346 841 453 886 me
503 824 742 888 tuendo
791 825 1170 902 exstitisset,
1216 844 1343 889 non
1390 825 1624 903 dicam,
1674 826 1825 907 quid
1875 827 2175 892 acciderit
2223 865 2305 874 —-
2353 830 2704 893 multorum

239 931 336 992 est
384 929 557 993 enim
606 932 671 994 et
714 931 894 994 varia
941 931 1128 1013 culpa
1173 965 1288 1007 ——‚
1336 933 1591 996 tantum
1641 931 1846 997 dicam
1893 934 2094 1010 brevi,
2156 952 2280 998 non
2329 934 2486 998 mihi
2533 953 2706 999 exer-

237 1035 473 1112 citum,
521 1036 634 1101 sed
681 1036 876 1101 duces
922 1036 1217 1102 defuisse.
1306 1038 1385 1101 In
1435 1057 1590 1119 quo,
1654 1041 1728 1103 ut
1772 1039 1904 1103 iam
1950 1040 2034 1103 sit
2079 1040 2146 1102 in
2191 1040 2268 1104 iis
2325 1041 2540 1123 culpa,
2597 1042 2706 1121 qui

234 1160 339 1205 me
388 1160 519 1206 non
566 1141 1018 1219 defenderunt,
1073 1162 1200 1207 non
1245 1144 1452 1208 minor
1499 1145 1601 1208 est
1660 1146 1727 1208 in
1789 1146 1900 1221 iis,
1963 1146 2073 1227 qui
2133 1145 2561 1227 reliquerunt,
2624 1152 2705 1224 et,

235 1248 290 1313 si
338 1248 688 1313 accusandi
736 1250 906 1325 sunt,
954 1249 1008 1313 si
1041 1251 1147 1330 qui
1181 1251 1672 1332 pertimuerunt,
1719 1253 1924 1333 magis
1962 1253 2159 1317 etiam
2188 1253 2706 1335 reprehendendi,

235 1355 290 1416 si
351 1354 466 1434 qui
529 1373 597 1418 se
644 1355 870 1418 timere
930 1355 1335 1420 simularunt.
1426 1356 1599 1421 Illud
1662 1356 1918 1438 quidem
1980 1361 2152 1424 certe
2214 1363 2507 1424 nostrum
2563 1379 2708 1425 con-

235 1460 459 1524 silium
521 1460 659 1524 iure
723 1460 1118 1526 laudandum
1168 1464 1298 1538 est,
1363 1464 1471 1543 qui
1517 1481 1693 1528 meos
1741 1464 1907 1528 cives
1957 1467 2022 1527 et
2069 1484 2106 1529 a
2151 1484 2253 1530 me
2303 1468 2705 1530 conservatos

235 1567 301 1630 et
349 1585 457 1631 me
521 1585 774 1632 servare
838 1568 1165 1650 cupientes
1182 1617 1196 1645 ‚
1259 1569 1562 1652 spoliatos
1627 1569 1893 1635 ducibus
1957 1571 2155 1634 servis
2219 1572 2483 1635 armatis
2547 1572 2705 1637 obici

233 1673 558 1738 noluerim
604 1673 1040 1756 declararique
1087 1676 1444 1751 maluerim,
1493 1677 1734 1757 quanta
1764 1677 1860 1740 vis
1908 1695 2045 1741 esse
2091 1678 2405 1760 potuisset
2450 1679 2515 1741 in
2562 1696 2708 1741 con·

235 1798 437 1845 sensu
483 1780 796 1845 bonorum
811 1828 828 1857 ‚
888 1782 943 1844 si
988 1781 1066 1845 iis
1111 1800 1225 1864 pro
1272 1801 1374 1846 me
1424 1785 1636 1847 stante
1683 1801 1969 1865 pugnare
2014 1784 2302 1848 licuisset
2319 1832 2333 1860 ,
2397 1803 2542 1848 cum
2599 1784 2708 1847 ad·

233 1886 490 1951 flictum
539 1886 813 1951 excitare
860 1888 1258 1971 potuissent3
1308 1907 1581 1969 quorum
1629 1889 1885 1970 quidem
1935 1891 2221 1955 animum
2272 1893 2347 1954 tu
2393 1910 2521 1954 non
2567 1909 2709 1973 per-

235 1994 504 2076 spexisti
553 1994 793 2071 solum,
860 2013 1008 2059 oum
1055 1994 1131 2059 de
1178 2013 1280 2059 me
1329 2013 1581 2077 agereS,
1640 1995 1748 2059 sed
1806 1997 1998 2060 etiam
2063 1996 2450 2061 confirmasti
2513 1999 2705 2079 atque

234 2100 526 2165 tenuisti.
637 2099 781 2179 Qua
841 2102 908 2164 in
970 2119 1164 2166 causa
1225 2137 1308 2148 -
1371 2119 1500 2165 non
1559 2102 1748 2166 modo
1810 2121 1934 2166 non
1993 2103 2272 2184 negab0‚
2337 2103 2446 2166 sed
2510 2104 2902 2171 etiamnum

235 2225 496 2289 semper
543 2209 610 2272 et
655 2208 1004 2272 meminero
1052 2211 1118 2272 et
1161 2208 1536 2291 praedicabo
1585 2209 1854 2274 libenter
1901 2246 1981 2254 —-
2033 2227 2188 2272 usus
2223 2227 2289 2273 es
2325 2208 2707 2289 quibusdam

233 2313 656 2378 nobilissimis
702 2314 1066 2379 hominibus
1112 2313 1477 2378 fortioribus
1524 2315 1590 2377 in
1631 2332 1733 2379 me
1766 2315 2177 2391 restituendo,
2228 2333 2420 2396 quam
2454 2315 2708 2379 fuerant

235 2421 417 2485 idem
461 2422 530 2485 in
576 2421 870 2486 tenendo.
963 2420 1105 2499 Qua
1151 2422 1216 2484 in
1265 2422 1585 2486 sententia
1634 2423 1687 2485 si
1744 2424 2031 2487 constare
2078 2424 2462 2498 voluissent,
2525 2441 2708 2486 suam

240 2528 698 2593 auctoritatem
747 2529 938 2592 simul
984 2547 1132 2592 cum
1179 2529 1385 2593 salute
1428 2546 1573 2592 mea
1604 2531 2104 2611 recuperassent.
2181 2529 2506 2593 Recreatis
2541 2529 2709 2592 enim

235 2635 426 2698 bonis
465 2634 617 2698 viris
666 2635 1005 2699 consulatu
1050 2636 1163 2698 tuo
1212 2636 1279 2699 et
1325 2635 1857 2699 constantissimis
1907 2637 2099 2715 atque
2148 2636 2400 2717 optimis
2451 2636 2712 2699 actioni-

238 2742 366 2804 bus
411 2741 543 2804 tuis
591 2740 912 2818 excitati8‚
976 2739 1088 2805 Cn.
1134 2740 1433 2823 Pompeio
1487 2742 1862 2824 praesertim
1930 2741 2009 2805 ad
2073 2760 2332 2805 causam
2395 2741 2708 2817 adiuuem,

243 3021 503 3077 Gabinius
530 3023 740 3091 Syrien.
795 3053 861 3061 -—
915 3025 1077 3092 quasi
1114 3024 1429 3079 certaminis
1476 3024 1672 3091 causa]
1726 3024 1892 3076 damit
1940 3039 2029 3075 um
2078 3022 2215 3075 mich
2264 3020 2709 3090 gewissermafsen

240 3112 331 3165 ein
366 3110 678 3165 Wettstreit
729 3111 982 3165 zwischen
1032 3112 1134 3165 den
1169 3112 1415 3166 Parteien
1464 3112 1737 3177 entstnhe,
1788 3112 1897 3165 also
1951 3111 2073 3177 „als
2111 3110 2390 3180 Zankapfel
2403 3112 2451 3163 “.
2492 3140 2559 3149 --
2595 3126 2710 3164 non

244 3199 454 3268 dicam]
489 3200 600 3254 Der
636 3204 913 3255 erwartete
939 3200 992 3255 N
993 3201 1206 3255 achsatz
1233 3201 1366 3254 wird
1402 3200 1752 3255 unterdriickt
1787 3200 1897 3255 und
1934 3200 2085 3253 daffir
2116 3216 2217 3253 nur
2245 3201 2327 3253 die
2356 3201 2412 3253 in
2431 3199 2531 3259 ,der
2557 3198 2711 3253 Form

244 3289 677 3357 abgeschwiichte
713 3289 952 3358 Anklage
1002 3289 1168 3345 duces
1216 3289 1459 3355 defuisse
1506 3293 1728 3358 gesetzt.
1770 3318 1836 3327 —
1874 3294 1939 3341 ut
1974 3287 2111 3356 iam]
2165 3289 2515 3342 einraumend.
2558 3318 2623 3327 --
2660 3289 2710 3342 si

241 3378 365 3445 qm]
405 3377 630 3446 Subjekt
666 3395 731 3431 zu
767 3378 1074 3433 accusandi
1109 3378 1217 3432 und
1253 3378 1691 3447 reprehendendi
1726 3382 1876 3432 sunt.
1916 3406 1985 3415 -
2020 3377 2121 3444 qui
2156 3377 2320 3444 meos]
2369 3376 2527 3443 „dass
2564 3376 2708 3440 ich“‚

243 3466 601 3534 begrfindend.
654 3497 722 3505 —
772 3473 991 3536 quanta
1026 3469 1113 3523 vis
1149 3468 1274 3536 etc]
1324 3468 1424 3521 Die
1461 3466 1757 3521 Thatsache
1770 3508 1782 3532 ‚
1833 3465 1950 3519 dass
2002 3465 2086 3518 die
2130 3464 2426 3519 offentliche
2461 3464 2712 3529 Meinung

243 3554 508 3608 imstande
544 3571 665 3621 war,
703 3554 808 3610 Cic.
841 3573 937 3609 von
975 3556 1168 3610 seinem
1197 3556 1352 3611 Sturz
1379 3556 1570 3610 wieder
1607 3573 1670 3610 zu
1707 3554 1932 3608 erheben
1967 3552 2278 3620 (adflictum
2312 3552 2589 3619 excitare),
2627 3551 2713 3604 be-

243 3644 399 3697 weist
435 3643 671 3712 zugleich
687 3686 700 3710 ,
748 3645 845 3699 wie
882 3646 1032 3699 stark
1069 3645 1143 3698 sie
1191 3646 1344 3700 hiitte
1395 3645 1507 3698 sein
1555 3645 1759 3698 konnen
1778 3686 1790 3709 ,
1840 3660 1990 3697 wenn
2041 3643 2115 3696 sie
2163 3641 2247 3693 fiir
2295 3640 2378 3694 die
2415 3639 2713 3708 Erhaltung

245 3733 421 3786 seiner
455 3732 702 3801 Stellung
749 3734 877 3801 (pro
912 3749 995 3788 me
1030 3736 1236 3803 stante)
1282 3734 1552 3804 gekampft
1600 3734 1767 3787 hatte.
1840 3731 1999 3785 Diese
2033 3729 2377 3797 Ausffihrung
2424 3728 2554 3796 geht
2602 3729 2712 3781 also

245 3822 434 3875 immer
469 3822 663 3875 wieder
697 3822 790 3876 auf
821 3823 921 3876 den
960 3821 1571 3892 Grundgedanken
1610 3822 1702 3875 der
1748 3837 1949 3890 ganzen
1985 3819 2149 3873 Stelle
2196 3820 2413 3885 zuriick,
2465 3818 2582 3873 dass
2630 3818 2713 3870 die

243 3912 453 3988 Biirger
497 3927 598 3965 von
647 3911 757 3964 ein
770 3928 799 3965 e
813 3928 841 3965 r
875 3912 1290 3966 Personlichkeit
1337 3912 1584 3966 kraftvoll
1633 3911 1854 3978 geleitet
1901 3909 2103 3962 werden
2155 3913 2392 3974 missen,
2445 3924 2592 3960 wenn
2639 3908 2713 3967 sie

248 4002 400 4054 stark
438 4001 553 4054 sein
591 4000 772 4055 sollen.
815 4030 881 4039 -
919 4000 1132 4070 ageres]
1168 4001 1253 4053 fiir
1288 4000 1456 4053 meine
1491 3999 1786 4053 Riickkehr.

398 4093 582 4152 1104).
632 4105 746 4158 qua
779 4089 846 4143 in
882 4088 1078 4157 causa]
1129 4089 1225 4155 „in
1264 4089 1434 4142 dieser
1468 4087 1697 4156 Frage“.
1739 4116 1805 4123 —
1843 4085 2192 4151 fortiorwus]
2246 4102 2287 4139 z.
2326 4085 2388 4138 B.
2425 4085 2604 4153 Pomp.
2644 4110 2714 4120 —

245 4176 534 4245 excitatis]
571 4177 668 4231 wie
694 4177 884 4231 vorher
919 4177 1174 4232 amoime.
1205 4207 1272 4217 --
1300 4176 1380 4231 ad
1407 4191 1636 4231 causam
1663 4174 1953 4241 adiumcto]
1991 4174 2172 4243 Pomp.
2199 4173 2351 4226 hatte
2379 4171 2491 4225 sich
2517 4171 2712 4239 eigent-

246 4267 352 4320 lich
389 4265 599 4320 damals
634 4266 771 4319 noch
820 4264 973 4319 nicht
1022 4265 1158 4332 „der
1206 4264 1568 4336 Senatspartei
1616 4262 2081 4331 angeschlossen“‚
2130 4277 2237 4315 war
2285 4262 2407 4314 aber
2455 4259 2587 4313 doch
2632 4257 2714 4311 fiir

245 4354 425 4409 Cicero
462 4354 795 4423 eingetreten
808 4396 823 4420 ‚
873 4353 979 4406 und
1015 4370 1108 4407 vor
1145 4354 1298 4408 allem
1335 4354 1488 4407 hatte
1533 4369 1591 4406 er
1639 4351 1722 4404 die
1757 4351 1941 4404 Macht
1988 4351 2071 4418 (in
2106 4367 2166 4405 re
2197 4349 2425 4417 publica
2453 4345 2713 4416 princeps
