3146 4826
954 363 1213 418 Ciceronis
1250 365 1506 435 epistulae
1543 366 1766 419 selectae
1801 367 1858 419 L.
1897 367 1980 420 LI.
2597 368 2700 427 189

219 524 553 587 memorat
600 525 713 586 aut
760 524 1059 607 saepius?
1119 527 1183 589 te
1241 528 1307 589 et
1350 544 1477 590 non
1527 525 1910 609 suscipiendi
1956 527 2107 592 belli
2156 528 2355 592 civilis
2402 530 2699 611 gravissi-

233 648 417 693 mum
453 630 790 693 auctorem.
809 628 1008 693 fuisse
1042 633 1107 694 et
1136 630 1561 695 moderandae
1594 631 1911 709 victoriae,
1960 633 2024 695 in
2075 651 2199 714 quo
2241 634 2352 715 qui
2382 635 2540 699 mihi
2570 655 2696 701 non

223 735 688 811 adsentiretur,
733 736 947 800 inveni
989 737 1329 801 neminem.

417 840 561 920 Qua
621 860 688 906 re
747 842 948 906 habeo
1010 842 1284 922 gratiam
1331 843 1656 920 Trebatio,
1715 843 2014 908 familiari
2071 847 2321 921 nostro,
2381 848 2491 927 qui
2536 848 2696 910 mihi

229 946 412 1012 dedit
458 965 720 1011 causam
766 948 996 1011 harum
1042 947 1434 1025 litterarum,
1483 949 1713 1030 quibus
1759 949 1883 1013 nisi
1930 949 2295 1027 credideris,
2340 970 2442 1016 me
2491 955 2694 1017 omnis

221 1051 424 1116 officii
485 1056 551 1117 et
609 1054 1030 1118 humanitatis
1081 1057 1403 1137 expertem
1461 1056 1798 1129 iudicaris;
1863 1074 1985 1137 quo
2046 1075 2163 1121 nec
2221 1057 2380 1121 mihi
2437 1059 2692 1139 gravius

223 1160 583 1240 quicquam
628 1162 841 1242 potest
888 1179 1025 1224 esse
1073 1180 1189 1225 nec
1234 1162 1298 1225 te
1346 1161 1634 1225 alienius.

3 703 6 774 ι

1118 1338 1205 1401 LI
1250 1341 1349 1415 (ad
1380 1344 1512 1402 fam.
1544 1335 1806 1418 X1,'28).
2454 1414 2469 1420 ᾗ

664 1441 771 1495 Scr.
810 1441 1003 1495 Romae
1040 1445 1260 1496 exeunte
1295 1459 1473 1497 mense
1511 1442 1697 1497 Sextili
1733 1460 1779 1497 a.
1821 1461 1871 1496 u.
1911 1461 1953 1497 3.
1995 1446 2099 1499 710
2136 1445 2263 1511 (44).
2375 1468 2377 1470 ¹

856 1540 1252 1616 MATIUS
1310 1541 1795 1617 CICERONI
1851 1541 2065 1617 SAL.

408 1673 716 1753 Magnam
741 1674 1132 1756 voluptatem
1168 1693 1242 1738 ex
1271 1675 1403 1738 tuis
1434 1675 1669 1739 litteris
1703 1676 1857 1758 cepi,
1905 1675 2090 1757 quod,
2139 1693 2332 1757 quam
2366 1694 2688 1759 speraram
2718 1697 2737 1736 ι

225 1781 426 1860 atque
476 1780 794 1861 optaram,
842 1779 1072 1845 habere
1119 1782 1182 1844 te
1231 1781 1308 1845 de
1356 1800 1458 1845 me
1507 1782 1864 1864 opinionem
1910 1781 2207 1863 cognovi:
2270 1781 2346 1845 de
2396 1800 2522 1862 qua
2569 1784 2689 1846 etsi

221 1903 354 1948 non
403 1883 777 1949 dubitabam
793 1934 807 1962 ,
868 1888 1086 1950 tamen
1101 1935 1115 1963 ,
1176 1889 1328 1969 quia
1372 1889 1636 1952 maximi
1684 1888 2103 1952 aestimabam
2119 1936 2134 1964 ‚
2195 1890 2271 1951 ut
2325 1887 2690 1971 incorrupta

217 1992 534 2066 maneret,
581 1991 966 2055 laborabam.
1036 1992 1341 2058 Conscius
1389 1995 1608 2058 autem
1654 1994 1814 2058 mihi
1861 2012 2036 2058 eram
2081 1993 2241 2057 nihil
2288 2012 2326 2057 a
2370 2012 2472 2058 me
2521 2012 2690 2058 com-

221 2096 500 2160 missum
550 2114 704 2174 esse,
753 2096 922 2179 quod
970 2099 1114 2162 boni
1165 2100 1545 2181 cuiusquam
1595 2098 1941 2163 offenderet
1989 2100 2307 2174 animum;
2356 2118 2427 2163 eo
2475 2100 2686 2163 minus

221 2201 565 2266 credebam
612 2204 904 2285 plurimis
953 2206 1145 2286 atque
1193 2205 1448 2288 optimis
1499 2205 1743 2270 artibus
1792 2208 2013 2270 ornato
2061 2205 2178 2269 tibi
2224 2209 2463 2270 temere
2512 2206 2688 2287 quic-

224 2326 424 2389 quam
494 2310 863 2391 persuaderi
930 2312 1243 2393 potuisse,
1318 2311 1698 2394 praesertim
1765 2312 1831 2375 in
1903 2330 2092 2392 quem
2161 2330 2308 2378 mea
2374 2331 2687 2395 propensa

221 2418 292 2479 et
351 2418 663 2499 perpetua
708 2415 937 2482 fuisset
984 2421 1177 2500 atque
1227 2421 1397 2483 esset
1442 2419 1899 2484 benevolentia.
1993 2417 2178 2497 Quod
2226 2419 2557 2500 quoniam,
2614 2422 2686 2483 ut

221 2522 414 2598 volui,
463 2523 590 2586 scio
639 2541 796 2599 esse,
842 2524 1311 2607 respondebo
1360 2526 1839 2601 criminibus,
1887 2525 2118 2607 quibus
2165 2527 2239 2588 tu
2285 2543 2398 2607 pro
2444 2544 2564 2602 me,
2611 2528 2686 2589 ut

217 2646 341 2709 par
388 2630 530 2691 erat
575 2630 689 2692 tua
736 2629 1046 2711 singulari
1085 2630 1367 2694 bonitate
1403 2633 1467 2694 et
1500 2631 1780 2694 amicitia
1809 2633 2046 2707 nostra,
2095 2649 2281 2713 saepe
2327 2611 2639 2695 restitisti.

1396 2824 1509 2886 LI.

795 2928 995 2981 Matius
1033 2946 1099 2982 an
1137 2928 1329 2982 CicerO.
1403 2929 1553 2994 Rom,
1591 2928 1736 2981 Ende
1774 2928 1985 2996 August
2021 2928 2106 2981 44.

419 3026 836 3077 Persiinliche
873 3028 1162 3079 Freiheit
1195 3030 1329 3079 und
1364 3031 1760 3090 sogenannte
1796 3027 2136 3089 politische
2174 3026 2475 3077 Freiheit.

364 3120 464 3174 Die
495 3119 740 3174 Antwort
770 3122 862 3175 des
890 3122 1088 3176 Matius
1116 3124 1209 3176 auf
1221 3122 1427 3177 Ciceros
1446 3121 2074 3190 Entschuldigungsbrief
2095 3121 2171 3174 ist
2196 3137 2295 3174 von
2323 3120 2681 3189 allgemeinem

215 3209 419 3263 Werte.
476 3210 629 3263 Denn
658 3211 732 3263 sie
760 3211 912 3264 stellt
939 3211 1231 3280 diejenigen
1268 3212 1642 3280 allgemein
1678 3210 2208 3264 menschlicben
2238 3207 2680 3263 Grundsatze

214 3297 326 3363 auf,
365 3297 449 3351 die
488 3297 583 3351 der
617 3315 716 3352 von
743 3299 1265 3353 Parteileidenschaft
1291 3299 1712 3368 Freigebliebene
1740 3300 1839 3352 den
1867 3298 2155 3367 Eingriffen
2193 3298 2285 3350 der
2322 3301 2679 3365 sogenannten

212 3385 557 3439 offentlichen
594 3386 846 3454 Meinung
889 3387 1185 3456 gegeniiber
1229 3387 1362 3441 hoch
1400 3387 1583 3441 halten
1622 3387 1766 3441 wird.
1840 3386 2178 3440 Namentlich
2227 3386 2351 3438 aber
2397 3385 2554 3438 deckt
2602 3385 2678 3437 sie

213 3474 321 3527 den
357 3471 805 3543 Erfahrungssatz
851 3475 964 3541 auf,
1011 3474 1128 3529 (1313
1166 3475 1273 3543 (113,
1324 3476 1516 3529 welche
1564 3476 1702 3530 sichv<
1722 3492 1806 3528 am
1853 3475 2118 3528 lautesten
2157 3475 2240 3527 die
2277 3473 2550 3526 Vertreter
2585 3472 2678 3524 der

212 3561 452 3615 Freiheit
501 3562 805 3629 (libertatis
850 3569 1102 3618 auctores
1149 3563 1181 3630 ἕ
1218 3564 1276 3631 3)
1324 3580 1528 3617 nennen
1545 3606 1558 3630 ‚
1611 3564 1774 3617 durch
1824 3563 1938 3616 ihre
1973 3560 2417 3615 Unduldsamkeit
2453 3558 2677 3613 Anders-

215 3650 527 3705 denkenden
562 3651 859 3719 gegeniiber
894 3652 977 3704 die
1014 3652 1375 3706 schlimmsten
1413 3652 1689 3720 Τῇ-31111311
1729 3651 1863 3705 3111(1.

362 3739 471 3791 Der
506 3738 655 3792 Brief
699 3741 985 3793 antwortet
1021 3740 1136 3793 klar
1170 3740 1264 3794 auf
1296 3739 1380 3793 die
1416 3739 1938 3810 hauptsiichlichsten
1974 3736 2674 3805 Beschuldigungen,

213 3827 304 3880 die
338 3843 506 3895 gegen
541 3826 741 3880 Matius
776 3827 1124 3895 vorgebracht
1160 3827 1391 3881 werden:
1445 3829 1496 3892 1)
1532 3827 1650 3881 dass
1686 3844 1743 3880 er
1779 3827 1863 3880 die
1898 3825 2228 3894 Ermordung
2263 3823 2469 3891 Casars,
2506 3825 2677 3878 seines

212 3915 501 3981 Freundes‚
537 3916 813 3970 betrauere
849 3916 904 3982 (ξ
940 3916 1130 3981 2-4);
1182 3916 1239 3981 2)
1274 3914 1392 3968 dass
1428 3932 1486 3968 er
1521 3915 1673 3968 nicht
1707 3914 1841 3968 nach
1876 3914 2100 3967 Kraften
2137 3914 2222 3967 1111·
2258 3912 2351 3966 (133
2388 3912 2544 3966 Wohl
2583 3913 2675 3966 des

213 4002 429 4058 Staates
468 4003 627 4057 wirke
662 4004 714 4072 (ἓ
750 4003 832 4070 5);
884 4003 942 4069 3)
976 4002 1092 4057 (1313
1128 4019 1186 4056 31·
1221 4001 1474 4057 Octavian
1523 4003 1578 4056 in
1629 4003 1722 4055 der
1754 4002 2063 4069 Besorgung
2110 4001 2203 4055 der
2247 4017 2347 4054 von
2383 4000 2545 4055 Casar
2588 4017 2673 4067 ge-

211 4091 394 4146 lobten
432 4091 604 4162 Spiele
640 4094 970 4145 unterstiitzt
1004 4091 1138 4144 habe
1173 4092 1225 4160 (ἓ
1261 4091 1440 4156 6-8).

367 4193 410 4234 1.
450 4181 514 4234 in
551 4179 729 4248 quem]
766 4203 837 4223 ==
864 4195 983 4234 cum
1020 4179 1086 4232 in
1122 4184 1189 4233 te.
1227 4207 1292 4216 —
1324 4196 1442 4248 par
1469 4178 1614 4246 crat]
1653 4195 1695 4231 c.
1724 4177 1877 4232 Abl.:
1916 4194 2014 4245 „es
2042 4178 2384 4248 entsprach“,
2421 4177 2554 4230 nach
2583 4176 2697 4229 (131Γ

211 4266 469 4337 Analogia
505 4285 606 4323 von
642 4267 852 4338 digmus
894 4267 1247 4333 konstruiert3
1293 4283 1408 4336 pm·
1458 4273 1535 4321 est
1575 4291 1638 4310 =
1677 4281 1912 4334 aequum
1948 4273 2030 4321 cst
2066 4284 2110 4320 c.
2149 4267 2269 4320 Acc.
2308 4284 2350 4319 3.
2389 4265 2487 4318 Ins.
2528 4281 2570 4317 z.
2608 4264 2671 4316 B.

212 4356 350 4409 auch
386 4355 508 4410 Tac.
547 4356 683 4410 Ann.
722 4355 766 4423 1,
806 4357 892 4411 25.
