3146 4826
929 318 1189 374 Ciceronis
1225 321 1482 390 epistulae
1519 322 1742 376 selectae
1776 322 1918 378 XVI.
2579 325 2653 385 83

200 478 402 541 autem
452 496 602 542 eum
647 479 727 543 ob
760 481 1007 544 ceteras
1056 499 1282 545 causas
1313 482 1460 565 plus
1505 485 1720 564 potest
1751 503 1921 549 unus
1955 504 2150 567 quam
2182 487 2378 552 ceteri
2409 506 2648 566 omnes,

197 586 326 648 tum
370 584 541 665 quod
587 587 858 667 putatur
904 586 985 651 ad
1034 588 1273 652 bellum
1303 587 1680 653 Parthicum
1728 608 1867 655 esse
1913 594 2242 656 venturus.
2317 593 2396 657 Ei
2428 596 2649 659 tamen

196 690 277 755 sie
317 710 489 755 nunc
535 692 835 756 solvitur:
892 694 1214 759 tricesimo
1273 714 1524 777 quoque
1583 696 1682 761 die
1739 698 1984 762 talenta
2028 699 2243 763 Attica
2287 719 2526 779 xxxm,
2582 703 2648 766 et

194 798 301 862 hoc
345 817 421 862 ex
470 799 760 874 tributis;
815 819 934 865 nec
987 801 1054 864 id
1109 801 1269 866 satis
1316 801 1511 868 efficit
1565 803 1633 867 in
1688 822 1953 868 usuram
2008 806 2424 870 menstruam.
2518 805 2647 872 Sed

197 903 442 970 Gnaeus
474 908 696 972 noster
726 907 1074 972 clementer
1119 908 1186 972 id
1231 907 1388 973 fert:
1437 911 1607 974 sorte
1656 913 1848 988 earet,
1894 930 2109 989 usura,
2154 931 2272 977 nee
2319 931 2394 977 ea
2425 913 2644 991 solida,

194 1014 522 1077 contentus
556 1016 672 1078 est.
731 1014 858 1077 Alii
889 1033 1097 1095 neque
1132 1016 1322 1080 solvit
1352 1017 1654 1098 cuiquam
1684 1036 1802 1083 nec
1831 1021 2047 1102 potest
2087 1019 2359 1093 solvere3
2391 1020 2645 1085 nullum

193 1119 349 1183 enim
406 1121 754 1197 aerarium,
816 1122 1072 1185 nullum
1136 1123 1410 1204 vectigal
1472 1124 1687 1189 habet.
1786 1126 1975 1208 Appii
2038 1126 2336 1191 instituto
2401 1125 2646 1191 tributa

190 1226 480 1309 imperat3
538 1245 613 1291 ea
657 1228 760 1292 vix
804 1228 871 1291 in
920 1227 1143 1294 faenus
1190 1228 1452 1313 Pompei
1500 1230 1669 1311 quod
1717 1231 1873 1295 satis
1923 1232 2010 1296 sit
2056 1232 2361 1298 efficiunt.
2436 1232 2645 1297 Amici

189 1334 344 1415 regis
393 1334 520 1398 duo
568 1336 778 1399 tresve
809 1334 1153 1417 perdivites
1192 1337 1361 1413 sunt,
1409 1336 1522 1400 sed
1568 1336 1613 1400 ii
1645 1355 1837 1401 suum
1884 1339 2019 1402 tam
2051 1338 2389 1421 diligenter
2419 1341 2646 1405 tenent

190 1459 372 1522 quam
422 1460 538 1523 ego
588 1444 702 1506 aut
748 1444 839 1505 tu.
898 1441 1220 1523 Equidem
1253 1462 1381 1508 non
1421 1443 1638 1507 desino
1684 1445 1905 1508 tamen
1944 1463 2057 1527 per
2102 1445 2352 1509 litteras
2399 1463 2642 1528 rogare,

188 1548 473 1624 suadere,
542 1567 840 1613 accusare
897 1567 1131 1631 regem.
1231 1549 1571 1614 Deiotarus
1630 1550 1827 1614 etiam
1882 1551 2041 1614 mihi
2094 1551 2381 1615 narravit
2436 1569 2504 1616 se
2559 1551 2641 1616 ad
2663 1573 2689 1612 4

186 1673 326 1718 eum
378 1656 629 1737 legatos
684 1655 935 1719 misisse
994 1654 1072 1720 de
1128 1674 1198 1720 re
1255 1655 1474 1730 Bruti;
1541 1674 1648 1720 eos
1706 1657 1827 1721 sibi
1880 1674 2258 1739 responsum
2312 1658 2638 1722 rettulisse

184 1761 357 1825 illum
403 1780 533 1825 non
580 1762 831 1826 habere.
920 1762 1007 1825 Et
1051 1762 1416 1827 mehercule
1464 1781 1580 1844 ego
1635 1763 1727 1827 ita
1771 1763 2009 1828 iudico:
2066 1764 2225 1827 nihil
2280 1763 2389 1828 illo
2444 1782 2639 1847 regno

185 1868 527 1949 spoliatiu8‚
573 1869 733 1931 nihil
762 1887 910 1951 rege
946 1869 1257 1950 egentius.
1318 1869 1547 1949 Itaque
1591 1871 1706 1933 aut
1738 1870 1944 1935 tutela
1975 1871 2181 1952 cogito
2213 1889 2315 1935 me
2349 1871 2640 1936 abdicare

185 1978 314 2051 aut,
370 1977 448 2038 ut
493 1994 608 2058 pro
656 1975 996 2040 Glabrione
1047 1975 1368 2053 Scaevola,
1415 1975 1639 2040 faenus
1688 1979 1754 2040 et
1798 1976 2194 2060 impendium
2240 1996 2553 2043 recusare.

350 2082 488 2164 Ego
538 2084 785 2159 tamen,
842 2100 1000 2164 quas
1046 2100 1159 2165 per
1206 2083 1270 2146 te
1316 2081 1520 2146 Bruto
1566 2082 1985 2164 promiseram
2031 2083 2641 2166 praefecturas,

178 2294 328 2348 dener
364 2293 487 2349 Art.
532 2322 596 2331 —-
635 2293 886 2361 sescenti]
925 2294 1019 2346 wie
1055 2294 1201 2348 mille
1237 2293 1347 2347 und
1380 2298 1575 2366 μυρίοι
1614 2317 1677 2336 =
1718 2293 2010 2361 unzshlige.
2060 2323 2127 2332 -
2178 2299 2362 2349 tamen
2397 2295 2500 2363 sic]
2539 2295 2641 2350 Ob·

177 2384 305 2438 wohl
351 2400 478 2437 man
525 2383 742 2452 glaubt,
794 2381 910 2436 dass
947 2382 1125 2453 Pomp.
1163 2381 1265 2435 mit
1301 2381 1417 2435 dem
1453 2381 1829 2451 Partherkrieg
1863 2381 2169 2451 beauftragt
2206 2382 2374 2437 werde
2388 2426 2400 2450 ‚
2452 2383 2548 2438 hat
2584 2400 2641 2437 er

177 2473 300 2527 doch
338 2516 371 2541 „
384 2490 489 2527 nur
526 2474 626 2526 so“
665 2472 986 2540 ungiinstige
1012 2472 1395 2540 Bedingungen
1429 2470 1515 2524 fiir
1551 2471 1635 2525 die
1663 2471 2044 2540 Riickzahlung
2071 2473 2296 2542 erlangt.
2337 2503 2404 2512 —-
2442 2489 2509 2528 θα)
2536 2474 2638 2528 tri-

178 2562 341 2630 batis]
381 2561 762 2616 Ariobarzanes
788 2561 973 2630 bringt
1000 2561 1143 2615 diese
1172 2560 1697 2629 Abschlagszahlung
1724 2577 1821 2614 aus
1849 2560 2119 2629 Auflagen
2155 2562 2211 2616 in
2240 2563 2436 2616 seinem
2462 2562 2641 2617 Lande

177 2652 270 2706 auf.
325 2652 542 2705 Unten:
581 2651 799 2705 tributa
834 2651 1090 2718 imperat.
1129 2678 1197 2690 —
1236 2650 1302 2703 in
1336 2665 1569 2704 uswram
1604 2649 1964 2718 menstruam]
2005 2650 2130 2716 „fiir
2167 2650 2250 2703 die
2286 2652 2638 2705 monatlichen

175 2740 421 2794 Zinsen“.
484 2741 570 2793 Da
606 2740 747 2793 diese
786 2738 897 2809 ¹s1oo
935 2739 1280 2807 (centesima)
1314 2739 1407 2792 des
1434 2738 1681 2809 Kapitals
1715 2740 1878 2806 (sors)
1915 2740 2188 2807 betrugen‚
2230 2756 2287 2793 so
2323 2740 2517 2807 betrug
2553 2740 2639 2793 die

175 2828 365 2883 Schuld
404 2830 533 2883 fiber
569 2829 641 2883 15
675 2828 946 2882 Millionen
983 2828 1166 2881 Mark!
1220 2856 1288 2867 —
1337 2844 1437 2883 nec
1472 2843 1538 2882 ea
1575 2826 1780 2895 solida]
1830 2828 1960 2880 wird
1997 2827 2198 2881 erklart
2235 2828 2401 2880 durch
2436 2843 2536 2882 nec
2571 2827 2639 2882 id

174 2919 303 2974 satis
354 2917 532 2985 efficit
578 2918 656 2971 ad
701 2933 937 2973 umam
971 2923 1327 2971 menstruam.
1380 2943 1447 2954 —-
1494 2917 1683 2985 solvit]
1733 2917 2126 2970 Ariobarzanes.
2179 2945 2245 2955 -
2299 2916 2363 2969 in
2410 2914 2638 2983 faenus]

179 3032 236 3050 =
272 3008 338 3062 in
374 3023 627 3061 usuram.

309 3110 360 3151 4.
416 3096 617 3163 tutela]
672 3096 798 3163 „die
833 3095 1232 3149 iibernommene
1268 3094 1725 3166 Verpflichtung“,
1776 3095 1860 3147 fiir
1906 3093 2110 3146 Brutus
2159 3092 2242 3145 die
2288 3090 2641 3161 Eintreibung

175 3186 337 3241 seiner
373 3184 679 3239 Ausstande
716 3201 780 3238 zu
815 3184 1084 3252 besorgen.
1123 3213 1195 3223 —
1226 3200 1336 3253 pro
1377 3183 1675 3239 Glabricme
1711 3181 1997 3251 Scaevola]
2035 3182 2118 3235 fiir
2157 3198 2256 3235 uns
2295 3181 2638 3235 unverstand·

173 3273 300 3328 liche
337 3273 690 3344 Anspielung.

302 3361 718 3432 praefectwras]
755 3361 854 3415 Die
889 3360 1170 3429 Erteilung
1205 3360 1297 3414 der
1324 3360 1715 3429 praefectura,
1754 3360 1804 3414 d.
1840 3360 1895 3413 h.
1933 3359 2302 3429 urspriinglich
2339 3359 2481 3412 eines
2518 3358 2636 3411 dem

172 3450 508 3506 Ritterstand
566 3451 943 3519 auganglichen
959 3493 971 3512 ‚
1028 3450 1162 3504 ohne
1211 3450 1551 3518 Mitwirkung
1606 3449 1699 3501 der
1744 3448 2039 3514 Komitien,
2097 3447 2263 3500 durch
2318 3447 2419 3500 den
2472 3445 2635 3499 freien

173 3538 362 3595 Willen
399 3540 492 3594 des
520 3540 904 3596 Oberbeamten
936 3539 1019 3592 fiir
1049 3539 1519 3609 Rechtsprechung
1556 3538 1663 3590 und
1700 3537 1916 3590 militar.
1945 3535 2269 3590 Kommando
2305 3532 2634 3587 verliehenen

171 3628 658 3697 Provinzialamtes,
696 3646 806 3683 war
840 3629 1061 3683 vielfach
1096 3629 1153 3682 in
1192 3628 1362 3681 dieser
1396 3627 1513 3680 Zeit
1548 3626 1786 3680 dasselbe
1822 3624 2120 3695 geworden,
2168 3639 2274 3676 was
2312 3622 2396 3675 die
2433 3621 2635 3689 legatio

173 3718 342 3774 libera
380 3721 445 3786 (s.
485 3719 640 3789 epist.
677 3717 771 3785 VI,
808 3719 865 3784 3)
901 3718 984 3771 fiir
1015 3718 1116 3771 den
1144 3716 1307 3770 Senat
1335 3732 1455 3782 war,
1494 3716 1543 3770 d.
1575 3716 1627 3769 h.
1665 3715 1750 3769 bei
1776 3712 2117 3782 mangelnder
2151 3711 2374 3765 naherer
2408 3709 2635 3763 Bestim-

170 3823 329 3877 mung
367 3808 460 3862 des
495 3807 785 3876 Auf‘trages
830 3824 937 3861 war
982 3807 1059 3860 sie
1104 3822 1207 3860 nur
1253 3805 1338 3858 ein
1373 3805 1553 3858 Mittel
1572 3847 1585 3871 ,
1635 3804 1718 3857 die
1753 3801 2204 3870 Privatgeschafte
2252 3798 2344 3853 des
2379 3797 2636 3852 Inhabers

172 3895 332 3950 durch
372 3896 457 3950 die
493 3896 745 3950 amtliche
770 3893 1050 3950 Autoritat
1088 3911 1150 3947 zu
1189 3893 1397 3948 decken.
1464 3892 1569 3947 Cic.
1607 3892 1761 3945 hatte
1800 3891 1963 3945 daher
1998 3891 2099 3944 den
2136 3889 2398 3957 richtigen
2427 3886 2634 3942 Grund-

173 3987 279 4038 satz
308 3985 636 4054 aufgestellt,
675 4002 738 4037 zu
766 3984 1049 4038 Prafekten
1076 3999 1180 4035 nur
1205 3982 1368 4035 Leute
1406 3998 1469 4034 zu
1506 3997 1787 4047 emennen‚
1826 3980 1909 4033 die
1945 3979 2002 4033 in
2031 3980 2201 4034 seiner
2228 3977 2447 4032 Provinz
2483 3976 2636 4030 nicht

170 4071 375 4128 Handel
421 4074 643 4127 trieben.
717 4073 815 4126 Die
854 4070 1314 4127 Geschaftsffihrer
1361 4070 1453 4123 des
1490 4069 1691 4122 Brutus
1705 4110 1718 4135 ‚
1772 4067 1845 4122 M.
1882 4067 2127 4138 Scaptius
2177 4067 2288 4121 und
2322 4066 2380 4120 L.
2420 4064 2632 4129 Gavius,

169 4163 421 4229 gehiirten
467 4161 753 4217 ausserlich
798 4161 948 4215 nicht
984 4163 1142 4214 unter
1178 4159 1261 4213 die
1296 4158 1694 4228 negotiatores,
1745 4156 1963 4210 deshalb
2010 4156 2113 4226 gab
2162 4172 2221 4210 er
2265 4155 2359 4209 der
2393 4151 2634 4223 Empfeh·

171 4250 295 4320 lung
333 4251 498 4306 durch
533 4250 751 4305 Atticus
787 4249 925 4304 nach
967 4249 1078 4302 und
1124 4250 1379 4303 ernannte
1428 4248 1518 4301 sie.
1594 4246 1670 4299 Zu
1719 4248 1844 4315 spat
1891 4246 2144 4301 erkannte
2191 4259 2271 4310 er,
2324 4242 2443 4297 dass
2492 4241 2632 4295 diese

171 4356 265 4394 nur
302 4340 587 4409 Sendlinge
624 4340 717 4393 des
751 4339 825 4394 M.
862 4339 1065 4392 Brutus
1103 4353 1276 4391 waren
1313 4336 1420 4390 und
1454 4335 1569 4388 ihre
1598 4333 1846 4402 Stellung
1882 4334 1991 4389 und
2022 4332 2221 4471 Macgit,
2259 4332 2354 4385 wie
2391 4347 2448 4384 es
2485 4328 2634 4383 aller-
