3146 4826
937 332 1197 388 Ciceronis
1233 333 1490 403 epistulae
1528 333 1750 387 selectae
1786 333 1901 387 XX.
2579 332 2651 393 93

218 492 557 557 deliberatio
614 494 834 558 autem
889 494 1093 557 omnis
1149 493 1307 559 haec
1363 495 1487 570 est,
1544 493 1609 557 si
1661 493 2063 576 Pompeius
2110 495 2346 559 Italia
2403 495 2648 574 cedat,

219 598 366 680 quod
410 617 554 663 eum
600 598 924 664 facturum
971 617 1109 664 esse
1158 600 1469 682 suspicor,
1526 600 1682 681 quid
1726 600 1883 664 mihi
1940 600 2258 682 agendum
2303 605 2519 684 putee,
2566 606 2648 680 et,

219 724 325 786 quo
366 705 607 770 facilius
654 706 990 771 consilium
1039 705 1188 770 dare
1235 707 1467 789 1108818,
1525 706 1706 788 quid
1761 707 1835 770 in
1891 709 2294 789 utramque
2349 711 2648 790 partem

216 812 375 875 mihi
418 812 491 875 111
536 813 867 878 mentem
914 813 1200 890 veniat,
1247 814 1643 896 explicabo
1688 814 1918 878 brevi.

369 918 528 983 Cum
575 920 807 984 merita
852 919 1158 1002 Pompei
1214 938 1469 984 summa
1515 938 1668 1002 erga
1723 922 1999 986 salutem
2054 940 2265 986 meam
2320 921 2646 986 familiari·
2672 938 2698 980 2

217 1027 445 1106 tasque,
501 1044 666 1107 quae
722 1026 880 1090 mihi
928 1044 1076 1090 cum
1122 1044 1194 1090 eo
1242 1028 1365 1103 est,
1422 1029 1565 1091 tum
1619 1027 1758 1110 ipsa
1811 1028 1905 1092 rei
1957 1027 2247 1110 publicae
2303 1046 2496 1092 causa
2540 1048 2644 1093 me

211 1131 470 1210 adducit,
526 1134 613 1196 ut
666 1132 852 1196 mihi
898 1133 1019 1197 vel
1066 1134 1476 1198 consilium
1521 1152 1765 1198 meum
1812 1153 1977 1199 cum
2032 1134 2247 1199 illius
2295 1136 2644 1212 consili0,

216 1238 315 1302 vel
375 1238 684 1302 fortuna
754 1257 916 1303 mea
984 1258 1147 1304 cum
1217 1240 1435 1304 illius
1506 1239 1815 1304 fortuna
1884 1241 2410 1324 coniungenda
2479 1261 2644 1307 6886

216 1344 557 1409 videatur.
634 1344 899 1409 Accedit
943 1344 1132 1409 illud:
1181 1346 1236 1409 si
1266 1364 1493 1410 maneo
1540 1348 1608 1410 et
1638 1347 1821 1410 illum
1852 1348 2228 1412 comitatum
2260 1349 2644 1431 optimorum

214 1452 290 1514 et·
315 1453 808 1517 clarissimorum
864 1452 1098 1517 civium
1152 1451 1398 1529 desem,
1464 1452 1883 1518 cadendum
1940 1456 2060 1519 est
2115 1455 2190 1517 in
2244 1455 2470 1519 unius
2517 1475 2644 1538 po-

215 1559 576 1637 testatem,
626 1560 754 1640 qui,
802 1559 926 1623 etsi
971 1559 1193 1623 multis
1241 1559 1431 1623 rebus
1465 1559 1783 1641 significat
1828 1577 1895 1624 se
1936 1559 2116 1624 nobis
2165 1578 2303 1624 6886
2345 1561 2641 1638 amicum,

215 1666 272 1726 et
308 1668 375 1728 ut
417 1667 613 1742 esset,
665 1684 703 1729 a
747 1684 851 1730 me
900 1667 999 1730 est
1047 1700 1131 1713 —
1178 1667 1319 1730 tute
1378 1666 1501 1730 scis
1548 1703 1638 1713 —
1683 1667 1940 1749 propter
1986 1665 2404 1748 suspitionem
2448 1667 2640 1730 huius

215 1769 607 1853 impendentis
665 1772 1069 1855 tempestatis
1127 1773 1331 1836 multo
1398 1775 1547 1837 ante
1603 1773 1954 1855 provisum,
2019 1774 2237 1837 tamen
2294 1775 2639 1855 utrumque

211 1878 714 1943 considerandum
761 1880 878 1956 est,
925 1880 991 1943 et
1038 1880 1279 1960 quanta
1325 1878 1481 1944 fides
1530 1879 1590 1943 ei
1636 1879 1722 1943 sit
1765 1878 2059 1945 habenda
2106 1881 2200 1956 et,
2257 1880 2311 1943 si
2364 1880 2638 1944 maxime

209 1984 580 2065 exploratum
651 1986 736 2049 sit
805 2004 954 2051 eum
1027 1985 1209 2050 nobis
1290 1985 1569 2050 amicum
1637 1984 1796 2063 fore,
1875 1986 2040 2050 sitne
2119 1987 2238 2050 viri
2315 1986 2495 2052 fortis
2576 1989 2641 2051 et

211 2087 338 2152 boni
380 2091 557 2170 civiS,
616 2110 755 2156 6886
809 2093 877 2155 111
924 2110 1000 2157 ea
1045 2093 1229 2169 urbe,
1285 2092 1352 2156 in
1400 2110 1554 2174 qua,
1612 2111 1760 2157 cum
1808 2093 2076 2158 summis
2133 2093 2474 2158 honoribus
2521 2095 2641 2158 im-

63 2235 98 2262 1,
209 2196 495 2279 periisque
544 2217 701 2262 usus
749 2199 851 2276 sit,
897 2217 998 2263 res
1030 2199 1340 2263 maximas
1389 2199 1674 2281 gesserit,
1722 2200 2071 2265 sacerdotio
2119 2200 2205 2263 sit
2246 2200 2637 2282 amplissimo

207 2303 504 2383 praeditus
527 2354 542 2381 ,
613 2324 921 2370 numerus
990 2304 1246 2370 futurus
1317 2305 1846 2387 subeundumque
1914 2307 2270 2389 periculum
2339 2308 2424 2370 sit
2491 2326 2639 2371 cum

208 2407 396 2490 aliquo
449 2411 687 2476 maiore
756 2410 1086 2491 dedecore,
1152 2412 1206 2477 si
1263 2411 1516 2495 quando
1571 2412 1912 2495 Pompeius
1976 2432 2113 2478 rem
2166 2413 2485 2498 publicam
2539 2434 2639 2479 re-

206 2519 512 2598 cuperarit.

327 2744 920 2816 Gedankengang:
972 2749 1028 2813 1)
1063 2747 1191 2801 Was
1229 2748 1393 2814 thun,
1431 2765 1582 2802 wenn
1617 2749 1897 2819 Pompejus
1934 2765 2030 2802 aus
2065 2748 2256 2804 Italion
2291 2749 2464 2818 geht?
2514 2750 2545 2816 ἓ
2585 2753 2633 2804 1.

199 2831 246 2897 2)
284 2834 610 2889 Personliche
646 2835 757 2889 und
793 2836 1068 2906 politische
1103 2835 1157 2890 N
1156 2836 1350 2905 eigung
1364 2878 1376 2902 ,
1414 2836 1842 2905 Vergangenheit
1855 2878 1867 2902 ,
1915 2835 2232 2892 Misstrauen
2266 2855 2433 2905 gegen
2470 2837 2635 2893 Casar

200 2923 360 2978 ziehen
383 2927 519 2980 mich
547 2944 612 2979 zu
637 2926 917 2997 Pompejus
943 2926 1037 2980 hin
1075 2926 1106 2993 ξ
1133 2928 1184 2981 2.
1249 2927 1306 2992 3)
1342 2927 1486 2980 Α1)61
1511 2927 1746 2996 dagegen
1774 2926 1978 2997 spricht
2005 2926 2193 2980 wieder
2219 2926 2360 2980 scine
2387 2943 2634 2980 1111111161·-

200 3011 369 3083 lassige
394 3015 641 3084 Haltung
667 3016 724 3068 in
751 3015 844 3069 der
871 3015 1295 3084 Vorgangenheit
1321 3016 1446 3083 (illa
1474 3018 1683 3083 vetera)
1711 3016 1822 3070 und
1850 3016 1901 3069 in
1933 3015 2026 3069 der
2054 3013 2367 3083 Gegenwart
2401 3015 2525 3080 (hoc
2561 3015 2632 3069 ab

198 3102 312 3156 urbe
336 3103 579 3160 discessu
605 3105 720 3159 sive
739 3104 938 3173 potius
966 3105 1290 3173 teu-pissima
1316 3104 1483 3173 fuya)
1510 3105 1543 3171 ξ
1569 3106 1622 3159 3.
1652 3106 1702 3158 4.
1753 3105 1812 3170 4)
1847 3104 1960 3158 Α118
1988 3103 2081 3157 der
2097 3103 2254 3157 lauen
2271 3103 2513 3173 Haltung
2540 3104 2634 3157 der

198 3186 496 3260 optimatem
534 3193 629 3247 der
655 3193 1022 3248 Parteinahme
1059 3193 1150 3247 des
1178 3193 1342 3248 Volks
1377 3194 1461 3247 fiir
1489 3192 1653 3248 Casar
1687 3193 1821 3247 habe
1857 3193 1943 3247 ich
1979 3210 2080 3247 von
2118 3193 2422 3246 vornherein
2456 3193 2632 3246 nichts

197 3279 392 3335 anderes
421 3284 686 3349 erwartet,
724 3282 803 3335 als
832 3281 950 3336 dass
977 3282 1072 3335 wir
1099 3281 1325 3335 weichen
1352 3285 1566 3335 miissen
1594 3282 1704 3336 und
1730 3281 1864 3335 habe
1892 3282 2032 3335 mich
2061 3281 2277 3335 deshalb
2306 3281 2439 3335 auch
2465 3298 2632 3350 gegen

193 3364 326 3431 jeden
351 3369 623 3439 grosseren
649 3369 878 3439 Auftrag
903 3371 1200 3439 gestriiubt.
1265 3368 1407 3424 Aber
1432 3371 1627 3424 Italien
1656 3388 1719 3424 zu
1747 3370 2026 3437 verlassen‚
2065 3370 2226 3424 daran
2254 3369 2468 3424 hindert
2494 3370 2632 3422 mich

198 3454 414 3513 xielerlei.
452 3460 483 3528 §
514 3460 564 3513 4.
596 3460 645 3514 5.
697 3458 755 3524 5)
781 3457 933 3513 Auch
960 3458 1043 3513 die
1061 3459 1318 3530 Beispiele
1346 3476 1441 3513 aus
1470 3459 1564 3512 der
1584 3458 1897 3514 Geschichte
1923 3458 2144 3527 bringen
2172 3458 2309 3512 mich
2338 3475 2401 3511 zu
2428 3457 2631 3512 keinem

195 3544 407 3602 sicheren
442 3547 768 3615 Entschlul‘s‚
809 3547 1025 3602 deshalb
1063 3551 1178 3602 rate
1215 3547 1286 3601 du
1322 3550 1353 3617 ξ
1382 3550 1431 3603 6.
1509 3550 1565 3613 θ’)
1600 3549 1700 3602 Die
1735 3549 1984 3601 neuesten
2021 3546 2377 3601 Nachrichten
2414 3547 2444 3613 ἓ
2484 3547 2533 3599 7.

321 3648 363 3690 1.
398 3637 463 3691 in
499 3643 792 3706 utramque
820 3636 1064 3706 pmtem]
1106 3637 1231 3705 „fiir
1267 3637 1376 3690 und
1413 3637 1632 3691 wider“.

319 3736 362 3780 2.
400 3725 597 3781 multis
631 3726 815 3794 rebus]
856 3726 953 3793 „in
988 3725 1148 3780 violer
1173 3725 1484 3779 Hinsicht“.
1550 3725 1713 3779 Casar
1751 3724 1953 3779 schrieb
1990 3724 2099 3777 ihm
2137 3740 2179 3777 z.
2209 3723 2271 3777 Β.
2308 3722 2630 3776 freundliche

192 3807 355 3867 Briefe.
385 3844 453 3852 -
491 3820 560 3869 ut
587 3814 743 3882 esset]
782 3831 852 3868 sc.
882 3813 1040 3869 nobis
1066 3814 1294 3881 amicus,
1327 3813 1595 3882 abhangig
1620 3830 1718 3867 von
1742 3814 2030 3883 provisum
2057 3817 2151 3867 est.
2183 3841 2250 3851 -·
2287 3827 2425 3866 usus
2450 3812 2523 3867 sit

187 3902 388 3963 amerit
423 3901 549 3969 etc.]
587 3903 700 3956 Das
727 3901 951 3972 Subjekt
985 3902 1120 3971 liegt
1153 3902 1210 3955 in
1246 3902 1355 3958 viri
1389 3902 1560 3968 fortis
1596 3908 1651 3957 et
1687 3903 1818 3957 boni
1853 3902 2006 3958 civis.
2070 3900 2186 3954 Wir
2221 3901 2441 3955 nehmen
2479 3900 2631 3954 dafiir

192 3984 271 4040 das
303 3991 679 4044 unbestimmte
730 3992 961 4059 ‚,man“.
1035 3991 1111 4044 Zu
1157 3992 1222 4045 in
1269 4009 1381 4061 qua
1430 3990 1621 4059 gehort
1662 3990 1893 4055 tuturus
1939 3990 2390 4059 subeundumque
2432 3990 2519 4044 sit.
2560 4019 2628 4027 —

189 4077 503 4147 sacerdotio]
539 4079 780 4133 Dariiber
807 4096 850 4134 s.
878 4079 1033 4150 epist.
1058 4079 1200 4147 XIV,
1230 4081 1316 4135 13.
1356 4111 1424 4119 —
1459 4095 1724 4134 numerus
1759 4078 2013 4147 futurus]
2052 4078 2157 4134 Cic.
2185 4078 2432 4145 flirchtet,
2470 4080 2629 4131 unter

190 4159 332 4219 (358111
365 4184 468 4221 11111
503 4168 576 4221 1111
601 4167 815 4237 grossen
841 4167 1049 4223 Haufen
1075 4168 1431 4235 mitzulaufen,
1472 4170 1614 4221 statt
1640 4167 1735 4221 wie
1761 4168 1949 4221 vorher
1976 4167 2090 4221 eine
2118 4165 2628 4235 ausschlaggebende

190 4248 320 4308 Rolle
356 4272 420 4310 zu
457 4257 673 4326 spielen.
746 4257 855 4311 Der
891 4256 1169 4311 Ausdruck
1203 4257 1299 4311 wie
1334 4256 1463 4311 Hor.
1492 4256 1648 4326 epist.
1685 4256 1728 4322 Ι,
1766 4256 1818 4323 2,
1856 4257 1924 4310 27
1963 4272 2062 4309 von
2100 4255 2199 4309 den
2235 4254 2628 4324 gewohnlichen

190 4337 466 4412 Menschen,
504 4344 587 4398 die
624 4362 726 4399 nur
762 4345 967 4412 Ziffern,
1005 4346 1138 4400 ohne
1174 4346 1390 4414 eigenen
1428 4344 1582 4398 Wert
1618 4344 1764 4398 siud:
1804 4386 1835 4412 ,‚
1848 4361 1942 4398 nos
1979 4360 2226 4398 numerus
2264 4344 2504 4397 sumus“.
