3146 4826
504 321 577 382 84
1244 322 1505 377 Ciceronis
1540 322 1798 393 epistulae
1836 322 2057 376 selectae
2093 321 2233 374 XVI.

507 486 594 550 M.
630 485 900 570 Scapti0‚
947 483 1017 548 L.
1059 483 1275 561 GaviO,
1325 483 1435 564 qui
1478 483 1547 547 in
1592 502 1786 565 regno
1836 501 1972 546 rem
2011 482 2201 546 Bruti
2245 482 2689 566 procurabant,
2733 480 2957 554 detuli3

508 611 626 657 nec
672 592 844 656 enim
897 592 963 655 in
1019 590 1341 681 provincia
1394 608 1538 655 mea
1594 590 2105 672 negotiabantur.
2194 589 2291 653 Tu
2346 591 2567 653 autem
2620 588 2960 652 meministi

507 718 622 764 nos
672 700 763 764 sic
808 717 1011 781 agere,
1059 699 1136 761 ut
1182 700 1339 779 quot
1383 698 1580 762 vellet
1622 696 2057 780 praefecturas
2104 698 2405 772 sumeret,
2453 694 2608 759 dum
2650 713 2732 759 ne
2776 713 2961 776 nego-

509 805 741 870 tiatori.
817 806 1047 886 Itaque
1096 804 1256 869 duas
1305 804 1363 868 ei
1407 806 1740 887 praeterea
1772 802 2101 877 dederam;
2149 803 2261 867 sed
2304 802 2369 879 ii,
2417 802 2646 884 quibus
2677 802 2960 883 petierat,

458 930 485 970 s
510 912 586 976 de
641 912 963 995 provincia
1018 911 1439 976 decesserant.
1539 910 1729 974 Nunc
1784 928 2087 991 cognosce
2135 909 2212 973 de
2262 908 2734 982 Salaminiis3
2798 907 2961 988 quod

508 1017 689 1082 video
736 1018 853 1082 tibi
886 1018 1080 1082 etiam
1127 1036 1362 1082 novum
1395 1017 1699 1081 accidisse
1747 1018 2082 1097 tamquam
2127 1015 2302 1079 mihi.
2379 1014 2754 1095 Numquam
2800 1014 2962 1078 enim

510 1142 585 1188 ex
647 1124 755 1187 illo
824 1123 1035 1188 audivi
1092 1123 1271 1187 illam
1326 1124 1664 1207 pecuniam
1733 1141 1869 1187 esse
1937 1140 2150 1195 suam;
2217 1122 2372 1203 quin
2429 1121 2626 1185 etiam
2679 1121 2962 1185 libellum

510 1230 712 1313 ipsius
756 1230 986 1306 habeo,
1041 1230 1107 1293 in
1157 1249 1281 1311 quo
1337 1232 1438 1295 est
1483 1229 1865 1307 „Salaminii
1909 1229 2245 1312 pecuniam
2300 1228 2534 1293 debent
2578 1228 2664 1292 M.
2714 1226 2962 1310 Scaptio

512 1338 577 1400 et
621 1335 691 1399 P.
723 1336 1007 1414 Matini0,
1053 1335 1473 1400 familiaribus
1519 1336 1682 1401 meis
1693 1341 1744 1398 “.
1805 1336 1934 1400 Eos
1979 1335 2138 1399 mihi
2184 1335 2615 1409 commendat;
2666 1334 2963 1399 adscribit

512 1442 709 1507 etiam
764 1444 829 1507 et
877 1442 1059 1524 quasi
1115 1443 1323 1508 calcar
1379 1443 1700 1520 admovet,
1765 1442 2202 1507 intercessisse
2260 1460 2327 1506 se
2383 1461 2497 1524 pro
2542 1442 2620 1506 iis
2665 1460 2964 1523 magnam

509 1548 863 1630 pecuniam.
927 1547 1339 1615 Confeceram
1384 1551 1459 1612 ut
1490 1550 1809 1613 solverent
1840 1548 2203 1613 centesimis
2251 1549 2532 1614 sexennii
2562 1548 2779 1612 ductis
2825 1568 2963 1613 cum

510 1656 915 1720 renovatione
972 1656 1369 1737 singulorum
1425 1674 1754 1720 annorum.
1855 1657 1942 1719 At
1999 1654 2294 1738 Scaptius
2351 1658 2697 1736 quaternas
2756 1657 2964 1738 postu-

509 1761 717 1826 labat:
766 1763 985 1839 metui,
1033 1763 1088 1825 si
1132 1763 1559 1845 impetrasset,
1605 1781 1685 1826 ne
1734 1764 1808 1827 tu
1853 1763 1988 1844 ipse
2019 1781 2123 1826 me
2171 1781 2386 1826 amare
2420 1761 2775 1837 desineres3
2821 1781 2962 1826 nam

513 1869 592 1932 ab
648 1869 853 1933 edicto
905 1887 1049 1934 meo
1105 1870 1512 1934 recessissem
1567 1871 1637 1932 et
1689 1869 2014 1933 civitatem
2068 1869 2135 1933 in
2191 1868 2449 1934 Catonis
2508 1871 2577 1932 et
2638 1870 2702 1932 in
2775 1869 2960 1951 ipsius

510 1974 702 2039 Bruti
730 1974 852 2039 fide
898 1976 1173 2040 locatam
1204 1976 1493 2057 meisque
1523 1975 1843 2041 beneficiis
1880 1978 2172 2040 ornatam
2212 1975 2501 2040 funditus
2533 1975 2961 2057 perdidissem.

461 2100 487 2141 6
510 2081 721 2162 Atque
767 2082 887 2146 hoc
932 2082 1214 2164 tempore
1251 2082 1388 2164 ipso
1428 2082 1724 2166 impingit
1754 2083 1913 2147 mihi
1944 2083 2355 2166 epistulam
2391 2082 2685 2165 Scaptius
2719 2081 2960 2157 Bruti,

509 2205 667 2252 rem
711 2188 928 2252 illam
976 2207 1107 2253 suo
1153 2189 1495 2271 periculo
1543 2208 1737 2266 esse,
1788 2188 1955 2270 quod
1999 2209 2117 2254 nec
2161 2189 2320 2253 mihi
2366 2207 2678 2270 umquam
2723 2189 2959 2252 Brutus

510 2453 664 2521 dings
701 2452 879 2506 iiblich
916 2471 1037 2520 war,
1077 2471 1141 2507 zu
1179 2452 1618 2523 Geldgeschasten
1653 2453 2082 2509 missbrauchten.
2122 2481 2188 2491 —
2227 2455 2385 2509 vellet
2421 2496 2433 2508 .
2456 2495 2467 2506 .
2492 2495 2504 2507 .
2542 2454 2805 2521 sumeret]
2841 2454 2959 2507 Bru-

512 2543 618 2595 tus.
656 2571 723 2580 -—
763 2541 897 2596 dum
930 2559 1000 2596 ne
1034 2543 1397 2611 neyotiatori]
1435 2560 1507 2597 sc.
1543 2549 1798 2610 sumeret,
1839 2543 1934 2610 „in
1970 2541 2249 2614 Anspruch
2285 2543 2523 2610 nehmen,
2558 2542 2810 2612 verfiigen
2845 2543 2960 2596 iiber

509 2671 524 2683 .
548 2671 559 2684 .
584 2672 596 2684 .
635 2633 929 2698 zugunsten
964 2631 1105 2685 eines
1144 2630 1421 2687 Geschafte
1458 2631 1780 2686 Treibenden
1795 2633 1843 2686 “.

657 2742 702 2781 t.
761 2727 1112 2796 Salaminiis]
1168 2730 1277 2783 Der
1330 2746 1448 2784 zum
1494 2729 1845 2784 Verstandnis
1898 2729 2076 2798 notige
2125 2729 2467 2784 Sachverhalt
2515 2746 2621 2782 war
2673 2729 2958 2798 folgender:

508 2817 712 2871 Brutus
748 2817 900 2872 hatte
936 2817 1030 2872 der
1057 2816 1338 2873 Gemeinde
1374 2818 1598 2872 Salamis
1634 2819 1728 2872 auf
1750 2817 1958 2888 Cypern
1985 2816 2119 2873 Geld
2153 2818 2392 2886 gelichen
2427 2817 2592 2870 durch
2623 2817 2750 2886 Jene
2785 2816 2959 2870 beiden

507 2904 980 2961 Geschaftsfiihrer.
1055 2906 1211 2961 Diese
1246 2907 1510 2961 forderten
1548 2909 1688 2961 statt
1725 2908 1829 2961 106
1865 2907 2086 2961 Talente
2121 2908 2228 2961 200
2272 2906 2382 2960 und
2419 2908 2560 2960 statt
2596 2906 2689 2959 der
2729 2923 2829 2960 von
2863 2905 2958 2960 Cic.

508 2995 592 3048 bei
630 2995 823 3049 seinem
850 2994 1205 3050 Amtsantritt
1240 2996 1613 3065 festgesetzten
1642 2996 2028 3050 Hochstzinsen
2065 3013 2163 3049 von
2201 2997 2267 3049 12
2297 3012 2412 3049 vom
2435 2994 2685 3049 Hundert
2721 2997 2794 3050 48
2821 2995 2958 3054 Proz.

507 3082 675 3136 Dabei
712 3084 1085 3138 misshandelte
1119 3084 1365 3154 Scaptius
1401 3085 1481 3138 als
1508 3085 1726 3138 Prafekt
1762 3084 1846 3138 die
1880 3084 2206 3139 Einwohner.
2261 3083 2359 3138 Als
2386 3082 2492 3138 Cic.
2520 3083 2821 3151 cineum-itt,
2857 3085 2960 3136 ent-

505 3170 693 3224 deckte
730 3171 841 3225 ihm
867 3172 1087 3239 Brutus,
1125 3172 1242 3226 dass
1278 3190 1336 3226 er
1362 3173 1647 3242 eigentlich
1674 3173 1768 3227 der
1796 3171 2082 3240 Glaubiger
2116 3189 2238 3226 war.
2278 3201 2345 3211 -
2383 3172 2690 3241 tamquam]
2732 3214 2764 3239 „
2778 3189 2835 3226 so
2868 3173 2961 3240 gut

508 3258 651 3325 als“,
679 3259 795 3313 hier
821 3259 876 3313 in
906 3260 999 3314 der
1024 3260 1326 3315 wirklichen
1354 3261 1755 3330 Vergleichung,
1786 3264 1937 3315 sonst
1963 3262 2121 3315 meist
2146 3261 2231 3314 fiir
2260 3261 2410 3314 einen
2438 3263 2710 3329 gesetzten
2737 3260 2869 3314 Fall.
2898 3287 2958 3296 —

501 3346 573 3400 ‘im
608 3363 717 3415 quo
753 3348 851 3416 est]
892 3349 990 3415 „in
1025 3349 1143 3403 dem
1180 3350 1387 3403 steht“.
1426 3380 1494 3388 —
1530 3350 1920 3418 intercessisse]
1959 3350 2113 3416 „sich
2148 3350 2499 3418 verbiirgen“.
2550 3379 2618 3389 —
2663 3348 2960 3405 centesimis

503 3437 755 3492 sexennii
792 3437 974 3492 ductis
1011 3453 1136 3492 eum
1170 3439 1520 3494 renovatione
1554 3439 1900 3508 singulorum
1935 3438 2234 3506 armonem]
2285 3438 2385 3492 Die
2421 3437 2732 3492 Salaminier
2777 3438 2959 3492 sollten

506 3524 621 3578 ihre
658 3525 855 3580 Schuld
891 3542 948 3580 so
987 3528 1457 3594 zuriickerstatten‚
1495 3527 1613 3581 dass
1651 3527 1726 3582 sie
1762 3528 1855 3581 auf
1887 3528 2036 3582 sechs
2070 3527 2107 3582 J
2106 3528 2232 3581 ahre
2268 3528 2364 3581 das
2389 3526 2608 3597 Kapital
2643 3528 2746 3582 mit
2783 3529 2814 3582 1
2854 3542 2959 3580 vom

506 3611 757 3667 Hundert
792 3614 1122 3681 (monatlich)
1154 3615 1446 3670 verzinsten
1475 3616 1585 3670 und
1613 3615 1696 3670 die
1725 3616 1914 3669 Zinsen
1940 3615 2237 3684 alljiihrlich
2265 3633 2383 3670 zum
2408 3615 2627 3686 Kapital
2651 3616 2959 3685 geschlagen

508 3702 737 3756 wurden.
791 3733 855 3742 —
906 3703 1232 3773 quaternas]
1280 3706 1318 3758 4
1355 3721 1468 3759 vom
1502 3704 1780 3771 Hundert,
1830 3705 1942 3758 also
1977 3703 2048 3760 48
2084 3705 2231 3759 Proz.
2263 3705 2508 3773 jahrlich.
2567 3733 2626 3744 -
2680 3706 2752 3760 ab
2789 3703 2961 3759 edicto

506 3789 644 3856 meo]
697 3790 905 3845 bezieht
943 3792 1054 3845 sich
1092 3793 1184 3846 auf
1217 3792 1316 3846 den
1354 3793 1598 3847 iiblichen
1632 3792 1834 3859 Erlai's,
1869 3793 1926 3847 in
1963 3791 2078 3847 dem
2116 3793 2221 3848 Cic.
2259 3793 2343 3847 bei
2379 3794 2575 3848 seinem
2610 3792 2961 3847 Amtsantritt

507 3877 651 3931 seine
689 3877 1020 3933 Grundsatze
1056 3881 1139 3933 fiir
1172 3880 1515 3949 ’Verwaltung
1563 3882 1672 3935 und
1708 3881 2175 3951 Rechtsprechung
2224 3881 2639 3952 ausgesprochen
2688 3882 2858 3936 hatte.
2898 3907 2959 3918 -

507 3965 791 4022 civitatem
824 3968 889 4021 in
917 3967 1146 4023 Catonis
1173 3975 1223 4024 et
1247 3971 1312 4023 in
1337 3969 1519 4038 ipsius
1543 3971 1720 4024 Bruti
1745 3970 1853 4037 fide
1881 3971 2141 4038 locatam]
2178 3970 2400 4025 Salamis
2428 3970 2587 4024 stand
2615 3972 2776 4025 unter
2800 3970 2958 4024 ihrem

506 4054 779 4109 Patronat.
854 4055 905 4110 S.
944 4056 1099 4127 epist.
1137 4057 1277 4125 XIV,
1316 4058 1387 4112 15
1421 4076 1472 4112 u.
1510 4057 1667 4112 Anm.

653 4165 701 4207 6.
740 4152 1023 4223 impingit]
1061 4154 1358 4223 Eigentlich
1396 4155 1493 4222 „in
1528 4157 1692 4210 etwas
1724 4156 1829 4210 fest
1853 4156 2274 4211 hineinstossen“
2314 4158 2595 4226 (pcmqere,
2634 4158 2956 4229 πηγνύναι);

506 4257 562 4294 es
600 4241 701 4296 soll
738 4241 841 4296 den
874 4242 1260 4297 verbliiffenden
1296 4243 1562 4297 Eindruck
1599 4243 1953 4312 ausdriicken‚
2006 4243 2107 4299 den
2157 4246 2250 4299 auf
2280 4244 2458 4301 Cicero
2494 4246 2638 4300 diese
2671 4245 2727 4300 N
2726 4245 2960 4300 achricht

505 4329 739 4384 machte:
794 4347 898 4398 „er
933 4331 1242 4386 iiberrascht
1276 4331 1416 4386 mich
1451 4332 1552 4387 mit
1567 4333 1617 4386 “.
1669 4361 1737 4371 —
1788 4348 1901 4387 rem
1935 4349 2036 4389 suo
2065 4334 2319 4401 periculo
2353 4334 2484 4401 esse]
2537 4334 2677 4401 „das
2713 4333 2961 4390 Geschfift
