3146 4826
886 337 1146 393 Ciceronis
1182 339 1438 409 epistulae
1476 339 1699 393 selectae
1734 339 1876 393 XIV.
2548 336 2618 396 77

202 498 470 575 mitatem,
519 499 626 562 sed
673 499 871 563 etiam
918 500 1215 580 gloriam,
1279 500 1566 564 studui
1630 519 1863 581 quam
1910 501 2444 565 ornatissima
2498 520 2620 565 se.-

204 606 404 667 natus
461 605 908 688 populique
960 606 1294 671 Romani
1357 607 1447 670 de
1508 626 1627 670 me
1687 606 2000 671 iudicia
2061 607 2618 682 intercedere;

202 710 383 791 itaque
428 713 490 774 et
535 730 741 793 augur
786 715 1008 794 postea
1037 713 1174 777 fieri
1205 714 1394 789 volui,
1443 713 1614 794 quod
1644 715 1836 777 antea
1864 714 2286 795 neglexeram,
2334 716 2400 778 et
2447 733 2619 779 eum

201 817 542 895 honorem,
592 819 722 899 qui
772 837 809 882 a
856 821 1126 883 senatu
1174 820 1417 883 tribui
1462 820 1692 884 rebus
1739 820 2049 884 bellicis
2097 820 2323 897 solet,
2369 821 2620 902 neglec-

197 925 314 986 tum
355 943 391 987 a
431 944 531 988 me
580 926 757 1003 olim,
821 945 991 990 nune
1044 927 1203 990 mihi
1259 928 1800 1010 expetendum
1844 928 2057 1010 put0.
2148 926 2356 991 Huic
2399 945 2701 991 meaeu

199 1030 601 1109 voluntati,
672 1033 737 1095 in
801 1051 928 1113 qua
986 1033 1154 1096 inest
1215 1033 1430 1114 aliqua
1489 1033 1586 1097 vis
1648 1032 1945 1097 desiderii
2013 1032 2106 1096 ad
2177 1032 2619 1097 sanandum

198 1137 452 1200 vulnus
509 1139 902 1208 iniuriae,
962 1141 1052 1203 ut
1109 1138 1946 1220 faveasadiutorque
2005 1139 2150 1217 sis,
2215 1139 2384 1220 quod
2427 1140 2618 1223 paulo

195 1246 315 1307 ante
367 1264 463 1308 me
509 1264 820 1327 negaram
866 1248 1272 1327 rogaturum,
1336 1246 1859 1310 vehementer
1916 1248 1993 1310 te
2056 1265 2278 1329 rogo,
2343 1246 2454 1310 sed
2508 1247 2620 1322 ita,

194 1350 238 1411 si
272 1369 382 1414 non
426 1352 715 1416 ieiunum
756 1352 873 1416 hoc
904 1354 1113 1417 nescio
1147 1352 1319 1434 quid,
1368 1352 1538 1433 quod
1587 1372 1701 1435 ego
1750 1353 1937 1434 gessi,
1985 1355 2050 1417 et
2082 1352 2619 1417 contemnendum

194 1455 483 1535 videbitur,
516 1458 632 1522 sed
664 1458 794 1522 tale
828 1460 1021 1539 atque
1054 1460 1330 1535 tantum,
1362 1460 1439 1522 ut
1469 1459 1660 1523 multi
1690 1477 2102 1539 nequaquam
2132 1460 2393 1542 paribus
2424 1460 2616 1524 rebus

192 1562 421 1627 honores
482 1583 771 1629 summos
835 1583 872 1629 a
932 1567 1159 1630 senatu
1219 1566 1546 1631 consecuti
1605 1566 1751 1630 sint.
1842 1564 2159 1646 Equidem
2215 1565 2409 1629 etiam
2455 1565 2617 1629 illud

191 1668 318 1731 mihi
373 1671 659 1735 animum
723 1670 1069 1735 advertisse
1132 1672 1348 1736 videor
1396 1706 1482 1717 -
1533 1673 1657 1737 scis
1720 1672 1920 1748 enim,
1986 1689 2179 1752 quam
2242 1672 2487 1735 attente
2550 1674 2616 1735 te

191 1775 376 1840 audire
421 1779 664 1843 soleam
710 1814 825 1854 —,
884 1780 948 1842 te
1009 1798 1137 1843 non
1196 1781 1333 1843 tam
1393 1797 1495 1843 res
1557 1780 1773 1860 gestas
1837 1796 2033 1859 quam
2090 1796 2298 1841 mores
2357 1777 2618 1841 institu-

189 1881 412 1963 tamque
458 1885 664 1948 vitam
711 1885 1169 1967 imperatorum
1218 1887 1504 1969 spectare
1561 1886 1762 1950 solere
1816 1884 1882 1947 in
1944 1883 2253 1948 habendis
2316 1885 2429 1947 aut
2489 1902 2617 1947 non

191 1986 457 2054 habendis
502 1991 887 2065 honoribus;
950 1992 1117 2073 quod
1173 1993 1226 2056 si
1281 1993 1347 2056 in
1396 2010 1541 2056 mea
1587 2010 1781 2056 causa
1829 1990 2283 2067 considerabis,
2341 1991 2616 2074 reperies

188 2111 269 2158 me
297 2098 569 2161 exercitu
600 2098 915 2162 imbecillo
948 2101 1167 2163 contra
1198 2100 1448 2163 metum
1478 2097 1742 2161 maximi
1771 2097 1922 2162 belli
1952 2097 2392 2160 firmissimum
2436 2115 2618 2180 prae-

189 2200 387 2265 sidium
429 2204 734 2269 habuisse
784 2205 1286 2285 aequitatem
1334 2207 1411 2269 et
1457 2204 2065 2268 continentiam.
2140 2202 2259 2266 His
2307 2220 2420 2284 ego
2469 2203 2617 2266 sub-

189 2305 337 2371 sidiis
367 2327 438 2373 ea
470 2329 620 2374 sum
653 2313 1049 2388 consecutus,
1100 2329 1262 2392 quae
1304 2310 1499 2374 nullis
1531 2310 1885 2391 legionibus
1918 2310 2218 2391 consequi
2249 2308 2618 2391 potuissem,

188 2416 248 2475 ut
285 2434 351 2479 ex
394 2418 804 2483 alienissimis
853 2418 1039 2483 sociis
1088 2419 1535 2494 amicissimos,
1598 2436 1673 2482 ex
1717 2417 2174 2482 infidelissimis
2219 2416 2617 2481 firmissimos

187 2520 509 2601 redderem,
575 2524 946 2605 animosque
993 2543 1304 2589 novarum
1349 2543 1566 2589 rerum
1616 2524 2084 2607 exspectatione
2134 2542 2474 2606 suspensos
2537 2522 2618 2587 ad

187 2629 383 2692 veteris
430 2630 683 2714 imperii
728 2632 1235 2696 benevolentiam
1282 2630 1706 2695 traducerem.
2060 2615 2067 2621 ’

336 2735 456 2800 Sed
502 2736 698 2800 nimis
746 2737 902 2802 haec
947 2739 1155 2802 multa
1203 2737 1280 2802 de
1326 2755 1460 2814 me,
1522 2736 1904 2820 praesertim
1949 2736 2031 2799 ad
2076 2739 2171 2812 te,
2235 2754 2273 2799 a
2320 2754 2443 2816 quo
2490 2754 2616 2799 uno
2644 2752 2700 2792 ιδ

185 2840 435 2906 omnium
477 2844 795 2907 sociorum
829 2844 1121 2925 querelae
1155 2843 1538 2918 audiuntur3
1587 2860 1922 2924 cognosces
1971 2860 2045 2905 ex
2090 2842 2186 2918 iis,
2235 2842 2371 2921 qui
2415 2841 2615 2905 meis

184 2944 591 3013 institutis
641 2967 720 3013 se
767 2952 1188 3014 recreatos
1235 2951 1552 3032 putant.
1647 2948 1936 3029 Cumque
1986 2964 2202 3010 omnes
2250 2965 2375 3010 uno
2422 2964 2615 3029 prope

184 3068 462 3119 consensu
511 3056 590 3119 de
637 3074 740 3120 me
789 3055 957 3138 apud
1004 3058 1068 3119 te
1117 3075 1220 3133 ea,
1271 3074 1432 3137 quae
1479 3054 1637 3117 mihi
1684 3053 2085 3135 optatissima
2132 3053 2313 3129 sunt,
2368 3050 2618 3134 praedi-

182 3351 290 3405 seits
313 3357 494 3409 aber“.
539 3382 605 3392 -—
645 3354 843 3410 studui
871 3354 1223 3423 intercedere]
1267 3354 1392 3422 „ich
1419 3354 1554 3407 habe
1582 3354 1722 3407 mich
1747 3353 1980 3418 bemiiht,
2020 3351 2138 3406 dats
2164 3352 2446 3420 moglichst
2469 3352 2617 3420 glan·

184 3440 315 3494 zende
347 3442 553 3498 Urteile
592 3444 675 3496 fiir
709 3444 847 3497 mich
884 3444 1205 3498 eintreten“.
1280 3443 1486 3497 Ebenso
1522 3442 1858 3498 intercedere
1894 3440 2048 3511 epist.
2086 3441 2209 3506 XII,
2248 3442 2317 3494 16
2334 3446 2435 3502 (ει).
2509 3440 2618 3493 Der

181 3524 340 3584 Aecus.
377 3549 420 3585 c.
457 3530 616 3587 Infin.
667 3533 803 3586 nach
851 3533 1072 3587 studere
1120 3533 1267 3586 steht
1315 3551 1356 3586 z.
1394 3532 1457 3586 B.
1495 3532 1630 3585 auch
1676 3531 1759 3585 off.
1798 3531 1858 3596 2,
1898 3530 1994 3583 70:
2050 3531 2301 3597 „gratum
2350 3545 2405 3581 se
2452 3527 2616 3582 videri

183 3616 340 3671 studet
353 3621 399 3675 “.

307 3729 382 3771 14.
432 3720 550 3785 ita,
587 3718 661 3785 si]
713 3735 856 3784 „nur
893 3719 1057 3784 dann,
1096 3734 1198 3772 nur
1233 3720 1390 3772 unter
1428 3718 1522 3770 der
1556 3717 1895 3786 Bedingung,
1933 3716 2143 3770 wenn“.
2183 3743 2251 3753 —
2300 3714 2399 3768 hoc
2433 3714 2616 3767 neseio

180 3803 317 3872 Quid]
353 3807 448 3861 wie
484 3806 519 3877 ξ
557 3808 627 3861 13
655 3806 813 3875 Anfg.
860 3836 927 3846 --
976 3807 1043 3860 in
1076 3806 1342 3861 habendis
1376 3811 1484 3860 aut
1517 3822 1634 3860 mm
1668 3805 1935 3860 habendis
1971 3803 2292 3871 honoribus]
2332 3818 2522 3870 „wenn
2557 3819 2616 3856 es

182 3889 275 3944 sich
306 3893 490 3949 darum
525 3895 771 3963 handelt,
821 3895 1366 3963 Ehrenbezeugungen
1415 3911 1479 3947 zu
1528 3894 1776 3947 erweisen
1811 3893 1936 3947 oder
1972 3910 2035 3947 zu
2071 3909 2321 3961 versagen
2335 3892 2383 3944 “.
2432 3919 2500 3929 —
2547 3897 2616 3945 ut

179 3979 431 4038 redderem
469 4026 482 4038 .
505 4025 518 4038 .
541 4025 553 4037 .
592 3984 963 4051 wadueerem]
1001 3984 1273 4037 erkliirend
1311 4000 1375 4037 zu
1411 3999 1478 4036 ea
1513 3999 1637 4036 amn
1673 3986 2019 4049 consecutus,
2066 3998 2208 4050 quae
2242 3981 2338 4034 wie
2375 3981 2406 4049 ἓ
2443 3980 2512 4034 12
2547 3985 2615 4033 ut

181 4068 484 4128 admirarer.
526 4103 595 4112 -—
631 4074 940 4143 suspensos]
980 4114 1009 4140 „
1022 4072 1382 4139 schwankend,
1414 4071 1808 4138 unzuverliissig
1821 4070 1868 4123 “.
1908 4099 1977 4108 —
2014 4069 2260 4140 imperio]
2298 4067 2426 4123 Gen.
2456 4067 2560 4135 obj.

309 4181 385 4224 15.
422 4171 614 4237 uineis]
651 4160 793 4224 Uber
827 4170 912 4224 die
938 4169 1221 4238 Trennung
1255 4186 1357 4224 von
1392 4169 1510 4223 dem
1547 4168 1895 4237 zugehorigen
1929 4167 2111 4222 multa
2147 4184 2189 4221 s,
2219 4184 2283 4220 zu
2309 4166 2463 4236 epist.
2490 4163 2612 4230 XII,

182 4250 312 4315 70⁰).
341 4288 408 4296 ——
436 4259 579 4328 uno]
607 4275 712 4312 nm·
728 4258 1095 4327 Vemtarkung
1122 4275 1185 4312 zu
1212 4258 1475 4325 omnium,
1505 4257 1601 4311 wie
1627 4256 1713 4311 bei
1739 4256 1856 4311 dem
1883 4255 2184 4327 Superlativ
2208 4270 2359 4309 unus
2381 4252 2615 4308 mxime

178 4348 497 4404 necessarius
532 4349 728 4402 unten:
783 4389 814 4415 „
828 4363 962 4416 ganz
997 4347 1278 4401 besonders
1294 4347 1343 4401 “.
1399 4376 1466 4386 —
1516 4346 1823 4415 cognosces]
1871 4344 2101 4398 namlich
2145 4360 2251 4397 was
2296 4342 2381 4395 ich
2416 4341 2614 4409 gethan
