3146 4826
910 345 1171 400 Ciceronis
1208 347 1465 415 epistulae
1502 347 1725 401 selectae
1761 347 2008 401 XXXIII.
2591 345 2695 405 189

211 507 403 570 niam
452 507 706 579 censui;
757 507 921 587 quod
970 507 1026 570 si
1068 506 1342 584 fecisset,
1390 507 1571 572 civile
1605 508 1845 571 bellum
1875 509 2127 572 nullum
2158 508 2413 572 omnino
2445 507 2692 572 fuisset.

219 613 572 677 Rationem
617 613 837 677 haberi
884 614 1166 678 absentis
1212 631 1340 677 non
1387 616 1523 677 tam
1568 614 1850 697 pugnavi
1897 616 1972 677 ut
2030 615 2281 692 liceret,
2345 633 2539 696 quam
2601 616 2691 690 ut,

219 720 536 799 quoniam
581 719 719 802 ipso
753 720 1009 784 consule
1042 721 1371 803 pugnante
1402 721 1676 804 populus
1707 720 2000 797 iusserat,
2045 721 2405 786 haberetur.
2483 720 2693 786 Causa

211 827 372 889 -orta
418 825 568 889 belli
615 828 748 889 est:
813 826 965 907 quid
1028 845 1144 908 ego
1206 827 1609 909 praetermisi
1671 828 1786 891 aut
1842 827 2233 891 monitorum
2294 828 2409 891 aut
2470 845 2695 908 quere-

211 933 467 1009 larum,
523 951 672 996 cum
717 932 819 997 101
863 932 1334 1014 iniquissimam
1378 951 1603 1016 pacem
1647 933 1996 997 iustissimo
2053 933 2214 997 bello
2277 932 2690 997 anteferrem!

221 1037 424 1103 Victa
471 1041 570 1103 est
616 1039 964 1104 auctoritas
1010 1056 1184 1116 mea,
1245 1057 1373 1103 non
1419 1040 1556 1103 tam
1605 1058 1643 1103 a
1686 1038 1985 1122 Pompeio
2033 1076 2116 1086 —-
2165 1058 2318 1104 nam
2361 1040 2418 1103 is
2480 1057 2694 1104 move-
2714 1057 2741 1098 0

217 1146 424 1209 1101111
468 1180 554 1190 -
604 1164 799 1226 quam
846 1146 927 1209 ab
971 1146 1080 1222 iis,
1137 1145 1247 1226 qui
1293 1145 1452 1210 duce
1498 1145 1802 1230 Pompeio
1847 1145 1996 1211 freti
2047 1147 2582 1230 peropportunam
2627 1146 2694 1210 et

219 1251 423 1315 rebus
470 1251 838 1316 domesticis
885 1253 951 1316 et
1012 1251 1469 1334 cupiditatibus
1531 1252 1664 1316 suis
1725 1252 1898 1315 illius
1960 1253 2112 1317 belli
2171 1253 2501 1318 victoriam
2561 1251 2693 1317 1010

219 1357 563 1439 putabant.
674 1357 1057 1442 Susceptum
1119 1360 1360 1424 bellum
1421 1360 1522 1423 est
1584 1359 1946 1441 quiescente
2008 1378 2142 1436 me,
2219 1361 2558 1443 depulsum
2620 1378 2695 1424 ex

219 1462 426 1527 Italia
470 1466 770 1528 manente
818 1484 920 1529 me
938 1514 952 1543 ,
1001 1465 1208 1547 quoad
1255 1466 1465 1549 potui3
1530 1466 1640 1530 sed
1686 1467 1891 1530 valuit
1935 1466 2104 1549 apud
2152 1485 2253 1530 me
2298 1467 2446 1549 plus
2490 1466 2695 1549 pudor

213 1588 416 1633 meus
465 1588 658 1651 quam
704 1571 932 1634 timor:
996 1572 1237 1636 veritus
1299 1591 1445 1636 sum
1495 1572 1725 1646 ‚deesse
1766 1572 2029 1655 Pompei
2091 1572 2317 1649 saluti,
2379 1591 2526 1637 cum
2585 1572 2692 1636 ille

219 1676 578 1757 aliquando
624 1695 751 1740 non
797 1677 1105 1742 defuisset
1148 1697 1347 1744 meae.
1436 1678 1667 1760 Itaque
1714 1680 1817 1743 vel
1862 1678 2064 1743 officio
2110 1679 2215 1743 vel
2271 1678 2445 1743 fama
2502 1679 2693 1743 bono·

219 1802 382 1845 rum
426 1783 525 1847 vel
571 1784 809 1865 pudore
856 1784 1081 1861 1101110,
1127 1786 1203 1848 111
1247 1785 1314 1848 10
1361 1785 1596 1850 fabulis
1627 1785 2072 1868 Amphiaraus
2118 1786 2209 1850 sic
2255 1804 2370 1867 ego
2413 1783 2691 1867 prudens

216 1892 295 1951 et
345 1889 549 1953 sciens
597 1890 724 1967 „ad
769 1892 1020 1973 pestem
1066 1892 1213 1955 ante
1261 1891 1475 1956 oculos
1521 1892 1841 1975 positam“
1891 1910 2036 1956 sum
2066 1890 2421 1974 profectus;
2470 1908 2595 1972 quo
2625 1890 2693 1953 in

221 1995 398 2059 bello
443 1996 602 2059 nihil
649 1996 897 2061 adversi
945 1998 1176 2062 accidit
1219 2016 1347 2061 non
1392 1998 1796 2081 praedicente
1843 2016 1964 2062 me.

414 2100 580 2180 Qua
647 2123 727 2166 re
800 2104 1202 2185 quoniam,
1272 2109 1346 2168 ut
1416 2123 1691 2187 augures
1760 2106 1826 2170 et
1885 2104 2186 2186 astrologi
2248 2104 2482 2179 solent,
2554 2120 2741 2183 ego-1

218 2226 549 2290 quoque
598 2227 854 2291 augur
899 2211 1289 2293 publicus
1339 2230 1425 2275 ex
1470 2212 1655 2276 meis
1704 2211 2227 2294 superioribus
2273 2209 2691 2293 praedictis

217 2315 639 2378 constitui
687 2316 898 2397 apud
948 2320 1025 2380 te
1075 2318 1667 2381 auctoritatem
1717 2317 2049 2398 augurii
2098 2319 2178 2380 et
2238 2315 2694 2380 divinatio-

221 2421 349 2484 nis
411 2441 646 2498 meae,
709 2423 1019 2488 debebit
1077 2424 1358 2488 habere
1421 2424 1649 2489 fidem
1701 2428 1966 2488 nostra
2012 2423 2457 2507 praedictio.
2548 2422 2692 2486 Non

221 2670 499 2723 Ursachen
551 2670 643 2724 des
692 2670 1097 2739 Biirgerkriegs,
1149 2671 1232 2724 die
1280 2671 1857 2738 Notwendigkeit
1892 2672 2035 2724 einer
2070 2670 2543 2738 Umwalzung‚
2594 2670 2693 2723 hat

218 2757 410 2813 Cicero
460 2759 592 2811 auch
637 2759 777 2827 jetzt
812 2759 961 2812 nieht
1009 2760 1249 2813 erkannt.
1301 2791 1367 2798 —
1417 2761 1687 2814 rationem
1723 2760 1916 2814 haberi
1952 2759 2213 2827 absentis]
2260 2759 2524 2824 Darfiber‚
2573 2757 2691 2810 dass

225 2847 394 2902 Casar
445 2847 557 2900 sich
605 2864 772 2916 gegen
820 2848 915 2901 das
953 2845 1141 2902 Gesetz
1192 2849 1466 2903 abwesend
1516 2865 1605 2902 um
1655 2849 1749 2902 das
1786 2848 2048 2902 Konsulat
2093 2848 2176 2901 1111·
2209 2847 2261 2901 J.
2300 2848 2371 2902 48
2420 2846 2691 2899 bewerben

219 2936 435 3002 durfte,
486 2937 590 3004 vgl.
641 2954 706 2990 zu
741 2938 895 3006 epist.
931 2937 1109 3003 XVII,
1147 2939 1197 2991 2.
1252 2968 1320 2977 —
1370 2940 1493 3006 ipso
1541 2939 1760 2993 consule
1794 2938 2108 3007 puynante]
2145 2937 2254 2990 Auf
2285 2936 2377 2989 des
2413 2934 2690 3004 Pompeius

227 3024 564 3093 ‚‚Drangen“
603 3026 757 3079 hatte
785 3026 880 3079 das
906 3026 1044 3080 Volk
1070 3027 1420 3093 beschlossen,
1460 3026 1577 3079 dass
1606 3025 1769 3081 Casar
1796 3043 1897 3080 von
1925 3026 2041 3079 dem
2071 3023 2260 3079 Gesetz
2288 3039 2690 3092 ausgenommen

229 3114 399 3167 werde
448 3115 623 3183 (epist.
663 3114 833 3181 XVII,
873 3116 943 3179 2).
1018 3115 1150 3169 Dass
1198 3132 1320 3169 man
1366 3116 1507 3169 111000
1543 3114 1845 3169 Ausnahme
1882 3115 1975 3168 auf
1979 3115 2082 3168 hob
2096 3156 2109 3181 ,
2159 3116 2260 3182 gab
2300 3113 2692 3180 Veranlassung

227 3219 349 3255 zum
385 3201 593 3270 Kriege.

376 3303 424 3344 6.
463 3293 625 3346 rebus
662 3292 986 3360 domesticis]
1024 3292 1123 3346 Ein
1161 3292 1283 3360 Sieg
1319 3293 1474 3346 sollte
1501 3292 1652 3345 ihren
1678 3292 2380 3359 Vermogensverhaltnissen
2409 3290 2688 3344 aufhelfen.

227 3379 280 3433 S.
320 3379 750 3449 Vorbemerkung
800 3398 862 3433 zu
912 3383 1065 3450 epist.
1104 3381 1270 3435 XXX.
1323 3411 1390 3419 -
1442 3382 1507 3434 in
1541 3380 1778 3448 fabulis]
1819 3380 1916 3447 „in
1955 3381 2046 3434 der
2083 3380 2275 3448 Sage“‚
2326 3379 2410 3432 die
2456 3377 2688 3445 zugleich

226 3468 313 3521 die
350 3467 658 3536 Grundlage
695 3469 789 3522 der
823 3469 1115 3537 Tragddien
1150 3470 1333 3524 bildet.
1375 3500 1442 3509 —
1479 3470 1885 3538 Amphiaraus]
1925 3469 2113 3523 wusste
2128 3510 2140 3533 ,
2195 3469 2263 3521 da
2298 3484 2356 3521 er
2391 3467 2474 3520 die
2510 3465 2690 3519 Scher-

226 3557 362 3625 gabe
398 3557 568 3623 hatte,
607 3557 724 3611 dass
761 3575 819 3611 01·
854 3559 955 3612 den
992 3559 1102 3612 Tod
1137 3559 1210 3612 im
1241 3559 1461 3629 Kampfe
1498 3559 1593 3612 der
1629 3558 1814 3612 Sieben
1850 3574 2016 3626 gegen
2043 3557 2255 3611 Theben
2290 3555 2466 3609 finden
2502 3554 2686 3607 werde.

220 3646 301 3699 Er
336 3647 467 3714 ging
502 3647 615 3699 also
655 3648 797 3713 „mit
832 3648 1032 3701 offenen
1067 3646 1297 3716 Augen“
1337 3646 1610 3717 (prudens
1639 3670 1703 3691 =
1729 3646 2026 3715 providens
2062 3652 2116 3700 et
2142 3646 2341 3712 sciens)
2378 3644 2462 3697 100
2490 3642 2690 3696 sichero

226 3734 530 3788 Verderben
565 3735 668 3801 (ad
695 3742 902 3804 pestem
938 3740 1069 3790 ante
1106 3738 1288 3791 oculos
1318 3737 1563 3804 positam
1576 3777 1592 3803 ,
1642 3736 1827 3789 Worte
1863 3751 1959 3789 aus
1996 3735 2162 3788 einem
2197 3733 2351 3802 jenen
2388 3731 2689 3800 tragischen

223 3824 450 3892 Mythus
486 3824 884 3878 behandelnden
921 3824 1291 3878 altromischen
1328 3824 1529 3888 Stiick).
1610 3824 1727 3877 Von
1771 3824 1881 3877 ihm
1931 3826 2053 3890 sagt
2100 3811 2360 3890 Aschylus
2407 3821 2466 3874 in
2513 3820 2688 3873 001000

228 3912 465 3978 „Sieben
500 3929 669 3981 gegen
705 3912 961 3966 Theben“
1000 3930 1047 3968 v,
1086 3913 1221 3968 579:
1273 3916 1339 3967 οὐ
1374 3915 1483 3985 γὰρ
1520 3913 1707 3967 δοκεῖν
1745 3918 1994 3985 ἄριστος,
2032 3907 2155 3965 ἀλλ’
2190 3912 2331 3966 εἶναι
2367 3914 2542 3975 θέλει,
2582 3908 2690 3962 und

221 4001 535 4070 jedermann
569 4002 733 4069 bezog
768 4002 909 4055 diese
943 4002 1128 4055 Worte
1143 4044 1156 4068 ,
1206 4002 1286 4055 als
1332 4002 1407 4055 sie
1453 4001 1546 4054 auf
1592 4001 1685 4054 der
1719 4000 1904 4054 Btihne
1952 3999 2273 4069 gesprochen
2310 3998 2521 4052 wurden
2539 4040 2552 4064 ‚
2602 3998 2696 4050 auf

220 4091 331 4144 den
366 4090 712 4144 anwesenden
748 4088 1027 4144 Aristides.
1099 4090 1220 4158 Vgl.
1258 4090 1390 4143 auch
1427 4089 1584 4144 Hom.
1623 4088 1721 4144 Od.
1757 4088 1872 4155 XV,
1909 4088 2017 4142 244
2028 4089 2083 4142 ff.

375 4192 423 4233 ’1.
445 4178 928 4248 auywrpublicus]
948 4179 1186 4245 1101111101,
1207 4178 1324 4232 dass
1342 4178 1447 4233 Cic.
1468 4179 1586 4232 dem
1606 4177 2140 4246 Augurenkollegium
2158 4177 2458 4246 angehiirte,
2476 4192 2518 4230 s.
2533 4176 2688 4245 epist.

220 4267 370 4334 XIV,
402 4268 489 4322 13.
530 4296 597 4305 —
636 4283 703 4322 w
737 4268 1119 4337 superioribus
1151 4267 1477 4336 praedictis]
1517 4267 1653 4334 „auf
1674 4266 1860 4321 Grund
1888 4266 2084 4319 meiner
2109 4266 2352 4319 1111110100
2386 4264 2690 4332 (richtigen)

223 4355 765 4424 Vorhersagungen“.
804 4391 875 4400 -
912 4355 1201 4423 constitui]
1242 4355 1368 4422 „ich
1394 4356 1528 4409 habe
1555 4355 1907 4423 begriindet“.
1941 4381 2005 4391 -—
2045 4355 2240 4408 habere
2266 4352 2449 4420 fidem]
2489 4349 2690 4418 „Glau-
