3146 4826
890 331 1152 386 Ciceronis
1188 333 1444 402 epistulae
1482 334 1704 387 selectae
1742 334 1936 389 XXXI.
2541 336 2640 394 127

218 490 519 555 artificium
582 492 904 574 quoddam
966 493 1453 575 excogitandum
1515 496 1615 558 est
1681 531 1798 572 —,
1869 495 1979 560 sed
2052 498 2271 561 tamen
2342 499 2639 580 quicquid

216 598 490 662 elaborari
536 600 650 663 aut
696 598 859 663 effici
904 600 1185 682 potuerit
1230 600 1309 663 ad
1340 600 1611 664 ist-orum
1645 601 2148 666 benevolentiam
2181 604 2639 669 conciliandam

214 706 268 767 et
305 704 738 786 colligendam,
802 724 1053 770 summo
1101 705 1311 770 studio
1354 725 1458 770 me
1506 709 1920 772 consecutum
1981 727 2150 785 esse,
2211 728 2328 773 nec
2383 710 2637 786 frustra,

213 812 275 873 ut
313 811 601 885 arbitron
666 812 759 876 sic
805 813 974 876 enim
1022 813 1221 890 color,
1283 814 1374 877 sic
1419 814 1716 877 observor
1763 815 1842 878 ab
1897 815 2188 879 omnibus
2250 815 2357 892 iis,
2429 818 2539 897 qui
2602 836 2637 880 a

215 916 449 982 Caesare
496 918 878 1000 diliguntur,
939 921 1016 983 ut
1062 919 1141 982 ab
1202 919 1278 983 iis
1340 939 1442 984 me
1507 921 1711 984 amari
1768 922 2008 1004 putem.
2100 921 2269 986 Nam
2331 923 2450 986 etsi
2511 941 2636 986 non

213 1023 365 1088 facile
410 1024 796 1089 diiudicatur
844 1044 1022 1089 amor
1068 1044 1256 1090 verus
1306 1029 1371 1090 et
1414 1026 1635 1104 fietne,
1697 1027 1819 1091 nisi
1882 1027 2138 1110 aliquod
2200 1028 2441 1093 incidat
2501 1029 2635 1093 eius

211 1130 353 1193 modi
394 1132 665 1214 tempus,
713 1134 803 1207 ut,
854 1132 1040 1213 quasi
1073 1150 1299 1196 aurum
1331 1132 1478 1213 igni,
1532 1134 1624 1197 sic
1654 1135 2091 1199 benevolentia
2122 1134 2326 1199 fidelis
2357 1136 2636 1218 periculo

211 1237 390 1318 aliquo
433 1237 706 1321 perspici
752 1238 957 1320 possit
1006 1274 1087 1283 —
1138 1240 1348 1302 cetera
1396 1241 1548 1302 sunt
1590 1240 1772 1321 signa
1804 1242 2165 1306 communia
2214 1279 2316 1319 —,
2364 1240 2472 1306 sed
2521 1260 2635 1323 ego

208 1362 310 1406 uno
353 1346 492 1407 utor
540 1346 938 1425 argumentO,
989 1363 1182 1425 quam
1230 1346 1307 1408 ob
1353 1364 1490 1410 rem
1537 1365 1640 1410 me
1689 1365 1764 1410 ex
1810 1348 2020 1412 animo
2053 1366 2325 1429 vereque
2367 1349 2636 1412 arbitrer

208 1448 371 1531 diligi,
417 1452 565 1531 quia
612 1453 678 1515 et
722 1453 943 1515 nostra
991 1451 1248 1515 fortuna
1296 1470 1370 1515 ea
1410 1455 1510 1515 est
1542 1454 1610 1517 et
1641 1453 1911 1530 illorum,
1960 1456 2034 1518 ut
2065 1454 2410 1518 simulandi
2442 1474 2635 1519 causa

205 1575 308 1619 non
350 1558 445 1620 sit.
535 1557 647 1621 De
694 1557 841 1621 illo
890 1559 1189 1634 autem,
1252 1577 1485 1639 quem
1545 1577 1791 1641 penes
1855 1562 1979 1623 est
2040 1560 2295 1624 omnis
2356 1562 2683 1643 potes-3

206 1664 338 1740 tae,
395 1664 605 1728 nihil
651 1663 885 1728 video
934 1664 1143 1745 quod
1204 1665 1565 1742 timeam,
1627 1666 1790 1729 nisi
1852 1665 2056 1747 quod
2121 1666 2383 1730 omnia
2445 1671 2635 1730 sunt

204 1768 521 1847 incerta,
570 1789 746 1834 cum
793 1787 830 1833 a
875 1770 1052 1834 iure
1100 1770 1560 1834 discessum
1608 1774 1766 1848 est,
1811 1790 1946 1836 nec
1991 1772 2377 1855 praestari
2426 1772 2635 1853 quic·

205 1892 411 1954 quam
456 1878 767 1960 potest,
817 1878 1055 1958 quale
1102 1875 1474 1941 futurum
1523 1878 1666 1954 sit,
1729 1878 1933 1959 quod
1980 1879 2333 1961 positum
2382 1881 2509 1942 est
2554 1878 2633 1942 in

203 1981 527 2046 alterius
590 1984 1057 2061 voluntate,
1117 2002 1210 2047 ne
1273 1982 1530 2047 dicam
1596 1983 1965 2048 libidine.
2060 1983 2183 2048 Sed
2231 1985 2449 2049 tamen
2498 1985 2632 2048 eius

201 2087 375 2168 ipsius
418 2090 601 2153 nulla
647 2107 716 2153 re
765 2108 803 2152 a
848 2108 953 2153 me
1002 2088 1278 2154 offensus
1327 2093 1425 2154 est
1481 2090 1769 2164 animus;
1833 2092 1932 2154 est
1993 2091 2162 2155 enim
2224 2091 2507 2155 adhibita
2568 2092 2631 2153 in

202 2210 265 2255 ea
302 2213 363 2258 re
408 2196 547 2279 ipsa
595 2214 850 2259 summa
911 2214 948 2259 a
1007 2197 1188 2259 nobis
1250 2196 1617 2260 moderatio.
1711 2196 1805 2262 Ut
1851 2197 2020 2261 enim
2068 2198 2218 2261 olim
2281 2197 2633 2262 arbitrabar

201 2318 319 2364 esse
363 2321 575 2366 meum
622 2302 819 2366 libere
866 2302 1067 2384 loqui,
1115 2303 1296 2367 euius
1344 2321 1534 2386 opera
1584 2304 1754 2367 esset
1799 2304 1863 2366 in
1911 2303 2166 2368 civitate
2209 2304 2497 2381 libertas,
2544 2305 2634 2368 sic

200 2425 264 2470 ea
303 2428 464 2474 nune
512 2409 750 2474 amissa
795 2408 953 2473 nihil
1000 2409 1200 2492 loqui,
1265 2409 1430 2492 quod
1479 2407 1759 2474 offendat
1813 2411 1927 2475 aut
1986 2410 2158 2475 illius
2223 2412 2337 2475 aut
2398 2430 2631 2487 eorum,

195 2655 277 2708 sed
302 2655 497 2725 tamen]
535 2657 669 2710 nach
699 2656 792 2710 der
818 2656 1140 2710 Parenthese
1177 2657 1276 2711 den
1314 2657 1703 2726 angefangenen
1735 2656 2014 2712 Gedanken
2045 2657 2233 2711 wieder
2269 2658 2631 2711 aufnehmend.

196 2741 317 2798 Wir:
368 2745 581 2812 ‚,also“.
620 2774 688 2784 —
726 2745 983 2815 istorum]
1036 2745 1130 2798 der
1178 2744 1499 2801 Cesarianer.
1540 2776 1607 2785 —-
1648 2752 1995 2801 consecutum
2049 2745 2179 2813 esse]
2237 2746 2423 2812 „einer
2470 2744 2632 2799 Sache

192 2832 534 2900 nachgehen“.
610 2832 677 2887 So
727 2834 859 2887 auch
899 2834 963 2887 de
1001 2833 1133 2888 offic.
1171 2833 1226 2898 I,
1266 2835 1400 2888 116:
1451 2833 1610 2900 ,‚Fit,
1651 2836 1714 2888 ut
1748 2851 1853 2887 non
1888 2834 2020 2887 nulli
2060 2876 2072 2888 .
2096 2875 2142 2888 ..
2183 2850 2335 2887 suum
2372 2833 2632 2903 quoddam

189 2919 480 2975 institutum
518 2923 958 2991 consequantur.“
1011 2952 1078 2960 -
1131 2922 1404 2989 observor]
1459 2939 1621 2989 „man
1673 2923 1918 2976 beachtet
1964 2922 2100 2975 mich
2118 2963 2131 2987 ,
2181 2920 2359 2975 macht
2394 2922 2496 2974 mir
2531 2920 2631 2974 den

189 3007 343 3063 Hof“.
415 3009 621 3064 Ebenso
671 3010 825 3080 epist.
864 3011 946 3076 H,
985 3011 1036 3065 3.
1089 3040 1155 3049 —
1208 3009 1457 3080 diliyere]
1509 3028 1608 3064 aus
1653 3010 2067 3078 Hochachtung,
2119 3025 2308 3064 amare
2356 3025 2454 3063 von
2500 3008 2632 3062 Her-

189 3112 284 3151 zen.
322 3128 387 3136 —
426 3099 616 3167 quasi]
657 3098 948 3166 „ger-adeso
996 3102 1099 3166 gut
1145 3098 1299 3152 wie“.
1371 3098 1436 3151 In
1484 3098 1602 3151 dem
1652 3099 1960 3152 verkiirzten
1998 3096 2264 3152 Gleichnis
2307 3096 2483 3152 finden
2520 3098 2630 3151 sich

187 3185 336 3239 neben
388 3191 482 3253 ut,
530 3187 707 3251 sicut,
757 3186 1217 3255 quemadmodum
1266 3187 1400 3239 auch
1437 3187 1601 3254 quasi
1638 3187 1746 3240 und
1797 3192 2108 3256 tamquam,
2159 3186 2242 3240 die
2277 3186 2515 3254 haufiger
2549 3187 2632 3239 fiir

187 3272 319 3327 einen
374 3278 649 3342 gesetzten
694 3274 808 3327 Fan
866 3274 1052 3328 stehen
1068 3316 1081 3340 ,
1139 3273 1271 3328 auch
1319 3274 1402 3327 fiir
1450 3276 1600 3328 einen
1649 3275 1924 3343 Vergleich
1974 3292 2069 3328 aus
2120 3275 2212 3328 der
2247 3274 2629 3329 Wirklichkeit.

184 3360 374 3417 Ebenso
407 3363 439 3430 ξ
468 3365 502 3417 6
530 3369 825 3432 tamquam.
863 3393 927 3403 —-
969 3363 1156 3432 siqua]
1195 3362 1278 3415 die
1306 3363 1592 3416 Merkmale
1627 3363 1711 3417 ffir
1745 3363 1918 3416 wahre
1955 3363 2062 3416 und
2099 3363 2432 3417 erheuchelte
2457 3364 2628 3417 Liebe.

183 3448 279 3504 Der
324 3451 450 3505 Satz
506 3452 582 3506 ist
635 3452 836 3520 logisch
891 3451 1081 3505 wieder
1134 3451 1248 3505 eine
1298 3451 1660 3520 Einriiumung
1711 3454 2034 3521 gegem'iber:
2090 3451 2187 3505 sed
2233 3468 2329 3520 690
2373 3458 2521 3506 utor.
2562 3482 2629 3489 —

185 3541 308 3606 quia
364 3541 491 3608 etc.]
557 3541 768 3595 enthisst
828 3540 926 3594 den
985 3540 1168 3594 Inhalt
1222 3540 1314 3594 des
1369 3540 1499 3594 oben
1553 3543 1854 3609 genannten
1909 3545 2290 3609 aryumentum
2301 3579 2318 3605 ,
2385 3539 2627 3593 deshalb:

186 3669 211 3692 „
225 3629 448 3683 namlich
464 3631 515 3683 “.

316 3731 363 3773 3.
402 3734 530 3772 cwm
578 3735 616 3772 a
663 3718 785 3772 iure
833 3716 1130 3773 discessum
1180 3717 1281 3783 est]
1318 3718 1433 3771 weil
1471 3716 1635 3772 Casar
1682 3717 1794 3771 sich
1843 3717 1954 3770 sein
1988 3715 2160 3770 Recht
2207 3715 2371 3769 durch
2408 3714 2631 3770 Waffen·

182 3807 362 3872 gewalt
382 3823 689 3875 erzwungen
722 3806 890 3860 hatte.
912 3836 980 3845 -
999 3804 1285 3876 praestem
1305 3805 1516 3874 potest]
1543 3822 1709 3874 „man
1731 3806 1870 3858 kann
1901 3804 2169 3858 einstehen
2197 3804 2297 3871 fiir,
2324 3805 2628 3874 verblirgen,

181 3890 568 3960 garantieren“.
634 3894 685 3948 S.
727 3911 789 3947 zu
827 3895 982 3964 epist.
1012 3893 1081 3960 H,
1119 3894 1169 3948 2.
1210 3924 1277 3933 -
1314 3909 1384 3948 nc
1422 3893 1628 3963 dicam]
1665 3893 1794 3947 wird
1830 3893 2138 3962 gebraucht,
2175 3909 2324 3947 wenn
2361 3910 2483 3947 man
2519 3893 2629 3947 sich

182 3982 373 4050 seheut,
411 3983 565 4037 einen
603 3984 873 4038 starkeren
903 3981 1182 4037 Ausdruck
1218 3982 1413 4049 (libido
1453 3982 1732 4050 ,‚Willkiir,
1767 3983 1986 4036 Laune“
2024 3983 2320 4051 gegentiber
2354 3983 2630 4048 volumtas)

180 4086 234 4124 zu
266 4073 617 4141 gebrauchen.
657 4102 725 4111 —
776 4072 869 4127 sed
909 4071 1113 4140 tamen]
1152 4074 1295 4125 trotz
1332 4071 1501 4125 dieser
1535 4070 1928 4137 Unsicherheit,
1968 4071 2050 4124 die
2086 4071 2186 4125 mit
2216 4071 2389 4140 jedem
2424 4075 2630 4141 person-

180 4158 338 4217 lichen
376 4161 664 4230 Regiment
698 4161 999 4215 verbunden
1035 4161 1126 4215 ist.
1157 4189 1225 4199 —
1263 4159 1328 4214 in
1363 4175 1429 4214 6α
1454 4175 1514 4214 re
1542 4161 1693 4229 ipsa]
1734 4160 1965 4228 ,‚gerade
1997 4160 2090 4213 auf
2121 4160 2315 4214 diesem
2351 4158 2627 4225 Gebiete“,

180 4247 222 4303 d.
254 4251 307 4306 h.
348 4250 443 4304 auf
477 4249 597 4303 dem
636 4247 853 4304 Gebiete
890 4249 983 4303 der
1018 4248 1216 4302 Politik
1252 4248 1360 4301 und
1397 4248 1491 4302 der
1527 4247 2092 4317 Meinungsiiusserung
2127 4248 2256 4301 tiber
2292 4248 2376 4302 die
2410 4247 2630 4302 &clite-

180 4340 540 4408 verletzungen
579 4338 742 4392 durch
780 4336 956 4392 Casar.
994 4366 1064 4376 —
1101 4337 1265 4391 cuius
1299 4335 1490 4407 opera]
1544 4335 1702 4404 „weil
1738 4336 1903 4390 durch
1938 4337 2107 4390 meine
2142 4335 2489 4404 Thatigkeiffl
2527 4335 2628 4402 (als
