3146 4826
944 334 1205 391 Ciceronis
1241 336 1500 407 epistulae
1538 337 1760 392 selectae
1795 338 1936 393 XVI.
2599 337 2671 397 81

389 496 882 561 Recentissimas
942 515 981 560 a
1035 496 1347 580 Cybistris
1403 500 1467 563 te
1524 517 1702 563 meas
1748 499 1998 563 litteras
2046 499 2281 566 habere
2330 501 2455 579 ais,
2503 520 2557 565 a.
2608 501 2668 565 d.

223 621 274 665 x.
301 602 619 666 Kalendas
654 601 960 667 Octobres
1007 602 1210 680 datas,
1257 605 1323 668 et
1369 604 1529 669 scire
1577 605 1690 682 vis,
1735 607 1883 669 tuas
1931 623 2046 688 ego
2088 625 2249 687 quas
2283 607 2667 691 acceperim:

223 726 428 773 omnes
474 708 633 786 fere,
691 727 850 790 quas
899 728 1385 787 commemoras,
1438 713 1695 794 praeter
1741 730 1876 789 eas,
1934 730 2093 793 quas
2142 713 2364 778 scribis
2408 714 2669 779 Lentuli

219 815 420 895 pueris
468 817 533 879 et
576 815 964 896 Equotutico
1013 819 1079 881 et
1123 817 1465 882 Brundisio
1514 817 1730 892 datas;
1791 837 1918 899 qua
1970 837 2039 883 re
2087 838 2214 883 non
2259 814 2507 900 οἴχεται
2551 822 2668 885 tua

220 920 536 998 industria,
587 921 754 1003 quod
786 924 1044 1001 vereris,
1091 923 1202 989 sed
1247 925 1572 1007 praeclare
1619 926 1896 1008 ponitur,
1944 926 1999 989 si
2046 925 2304 1006 quidem
2347 925 2412 989 id
2459 927 2666 1008 egisti,

218 1030 287 1091 ut
332 1046 438 1109 ego
486 1028 869 1104 delectarer;
916 1048 1071 1094 nam
1114 1030 1297 1095 nulla
1339 1049 1408 1095 re
1457 1050 1603 1095 sum
1651 1032 2007 1096 delectatus
2052 1032 2278 1114 magis.

383 1133 563 1213 Quod
595 1154 808 1200 meam
836 1135 1188 1224 βαθύτητα
1222 1138 1288 1201 in
1319 1138 1521 1220 Appio
1552 1138 1687 1215 tibi,
1732 1138 2098 1203 libertatem
2131 1139 2324 1203 etiam
2365 1140 2432 1203 in
2460 1140 2664 1204 Bruto
2689 1158 2717 1199 ²

213 1242 421 1321 probo,
474 1242 889 1306 vehementer
945 1243 1215 1325 gaudeo,
1273 1262 1347 1308 ac
1398 1246 1701 1327 putaram
1749 1262 1963 1309 secus:
2019 1246 2307 1328 Appius
2365 1246 2536 1311 enim
2583 1247 2664 1310 ad

210 1366 305 1411 me
361 1366 434 1411 ex
486 1348 712 1413 itinere
768 1349 865 1412 bis
924 1351 1101 1414 terve
1156 1350 1411 1432 ὑπομεμ
1423 1347 1774 1435 ψιμοίρους
1826 1351 2076 1415 litteras
2131 1352 2422 1429 miserat,
2494 1355 2664 1434 quod

210 1453 515 1534 quaedam
549 1473 588 1518 a
621 1473 688 1519 se
722 1456 1081 1520 constituta
1111 1457 1556 1520 rescinderem.
1619 1457 1729 1534 Ut,
1763 1457 1818 1521 si
1848 1456 2151 1534 medicuS,
2184 1476 2332 1522 cum
2364 1462 2660 1541 aegrotus

208 1560 310 1624 alii
337 1561 581 1625 medico
613 1562 895 1626 traditus
929 1563 1030 1639 sit,
1076 1562 1264 1626 irasci
1294 1563 1450 1627 velit
1497 1564 1555 1627 ei
1588 1562 1910 1645 [medico],
1958 1564 2069 1643 qui
2115 1564 2234 1628 sibi
2269 1567 2661 1642 successerit,

211 1666 277 1744 si,
320 1685 481 1748 quae
527 1668 665 1751 ipse
713 1669 780 1731 in
828 1669 1109 1733 curando
1158 1670 1581 1747 constituerit,
1628 1672 1839 1734 mutet
1883 1670 2009 1746 ille,
2057 1670 2148 1734 sic
2194 1671 2464 1754 Appius,
2512 1690 2660 1738 cum

208 1770 274 1850 ἐξ
322 1771 732 1861 ἀφαιρέσεως
794 1776 1184 1858 provinciam
1242 1776 1509 1853 curarit,
1576 1776 1952 1858 sanguinem
2016 1776 2290 1853 miserit,
2359 1759 2660 1858 quicquid

206 1882 405 1962 potuit
438 1882 802 1959 detraxerit,
849 1882 1007 1946 mihi
1052 1881 1390 1947 tradiderit
1421 1885 1732 1960 enectam,
1778 1880 2471 1970 προςανατρεφομένην
2517 1902 2659 1950 eam

203 2004 241 2049 a
279 2006 381 2051 me
429 2007 558 2052 non
603 1989 877 2053 libenter
921 1989 1123 2066 videt,
1170 1988 1281 2053 sed
1327 1989 1514 2053 modo
1562 1991 1918 2066 suscenset,
1973 1988 2161 2053 modo
2219 1990 2458 2071 gratias
2508 1991 2660 2072 agit.

202 2092 373 2158 Nihil
430 2095 601 2158 enim
667 2114 705 2159 a
759 2114 862 2160 me
918 2095 993 2159 fit
1050 2114 1196 2160 cum
1253 2096 1387 2159 ulla
1442 2096 1616 2160 illius
1674 2096 2089 2170 contumelia;
2159 2098 2416 2160 tantum
2472 2097 2657 2163 modo

198 2200 753 2265 dissimilitudo
799 2220 1006 2267 meae
1054 2202 1380 2266 rationis
1429 2201 1759 2267 offendit
1802 2203 2195 2266 hominem.
2273 2201 2442 2280 Quid
2487 2204 2659 2268 enirn

197 2309 404 2388 potest
459 2326 599 2371 esse
656 2311 793 2371 tam
861 2308 1192 2385 dissimile,
1260 2326 1455 2389 quam
1520 2308 1656 2372 illo
1721 2308 2142 2390 imperante
2209 2308 2657 2373 exhaustam

197 2431 356 2479 esse
406 2415 843 2497 sumptibus
902 2417 978 2478 et
1030 2415 1358 2479 iacturis
1413 2415 1910 2499 provinciam,
1973 2416 2188 2480 nobis
2247 2434 2405 2480 eam
2462 2419 2657 2482 obti-

194 2521 552 2585 nentibus
619 2540 1003 2585 nummum
1068 2523 1364 2586 nullum
1432 2540 1598 2587 esse
1657 2524 2050 2603 erogatum
2105 2541 2239 2587 nec
2293 2524 2655 2605 privatim

193 2646 321 2691 nec
366 2629 717 2710 publice?
797 2627 963 2706 Quid
998 2628 1205 2693 dicam
1252 2629 1331 2693 de
1377 2629 1549 2693 illius
1581 2628 1936 2711 praefectis,
1984 2630 2338 2707 comitibuS,
2378 2631 2652 2712 legatis?

187 2843 511 2896 conservabo
547 2847 722 2895 tuum.
764 2870 829 2878 -
869 2858 907 2893 a
948 2839 1235 2911 Oybisms]
1270 2840 1410 2894 Dort
1443 2840 1598 2894 hatte
1633 2857 1691 2893 er
1716 2841 1841 2909 (vgl.
1871 2841 2024 2911 epist.
2049 2840 2191 2908 XIV,
2221 2842 2292 2907 4),
2330 2859 2423 2895 vor
2458 2844 2652 2897 seinem

189 2929 416 2998 Feldzug
450 2947 619 2998 gegen
656 2929 740 2982 (lie
776 2929 1146 2984 rauberischen
1175 2928 1409 2982 Stamme
1436 2928 1798 2983 beobachtend
1826 2929 2080 2997 gelagert.
2122 2958 2185 2966 —
2225 2929 2649 3000 Equotuticum]

186 3018 343 3072 Stadt
379 3019 436 3072 in
466 3018 709 3089 Apulien.
750 3049 819 3056 --
859 3018 1093 3088 οἴχεται]
1133 3018 1251 3085 „ist
1285 3018 1582 3071 verloren“.
1649 3016 1716 3071 So
1752 3018 1905 3086 klagt
1931 3017 2211 3070 Tekmessa
2245 3018 2330 3071 bei
2367 3018 2484 3072 dem
2511 3019 2650 3074 Tode

189 3106 323 3160 ihtes
364 3106 567 3161 Gatten
604 3105 761 3176 Soph.
800 3106 927 3159 Aias
964 3108 1101 3162 896:
1151 3102 1329 3178 ᾤχωκ’
1373 3110 1550 3160 ὄλωλα
1603 3107 2068 3179 διαπεπόρθημαι
2116 3105 2217 3159 mit
2261 3105 2512 3176 Hiiufung
2557 3109 2651 3162 der

187 3212 503 3264 synonymen
540 3195 864 3249 Ausdriicke.
903 3223 972 3233 -
1018 3196 1305 3263 praeclare
1332 3195 1599 3265 ponitwr]
1637 3195 2090 3248 kaufmannischer
2126 3195 2429 3250 Ausdruck:
2478 3239 2508 3265 ‚,
2521 3198 2651 3251 wird

186 3284 514 3338 vortrefflich
551 3285 800 3352 angelegt
815 3284 864 3337 “.

327 3385 378 3427 2.
413 3373 685 3442 βαθύτης]
716 3397 780 3415 =
804 3373 1045 3427 altitudo
1073 3373 1267 3440 animi,
1296 3390 1394 3427 von
1423 3373 1537 3426 dem
1569 3373 1771 3438 „tiefen
1791 3371 2016 3439 Ernst“,
2046 3373 2139 3425 der
2165 3373 2220 3426 in
2249 3373 2366 3425 dem
2390 3373 2650 3426 Bewul'st·

182 3463 290 3515 sein
329 3462 483 3516 recht
519 3479 585 3515 zu
619 3461 849 3515 handeln
887 3461 999 3514 sich
1034 3461 1183 3515 nicht
1218 3462 1322 3515 irre
1358 3461 1576 3515 machen
1612 3460 1758 3514 lafst.
1798 3489 1866 3498 —-
1903 3461 1968 3513 in
1994 3461 2207 3528 Appio]
2246 3460 2644 3527 ,‚hinsichtlich,

180 3550 487 3604 inbetreff“.
544 3550 750 3620 Appius
780 3549 1030 3604 Claudius
1057 3549 1284 3603 Pulcher
1310 3550 1433 3618 (vgl.
1464 3550 1620 3619 epist.
1639 3549 1735 3616 XI,
1765 3550 1820 3614 1)
1855 3565 1965 3602 war
1990 3548 2084 3601 der
2109 3548 2413 3617 Vorganger
2440 3547 2646 3602 Ciceros

180 3639 233 3693 in
267 3640 367 3693 der
402 3640 639 3694 Provinz.
679 3669 748 3678 --
788 3637 1115 3706 libertatem]
1155 3638 1492 3705 „Freimut“.
1533 3668 1602 3676 —
1654 3635 2206 3710 ὑπομεμψιμοίρους]
2246 3639 2450 3702 „etwas
2487 3653 2646 3690 unzu-

180 3728 440 3782 frieden“.
473 3759 540 3766 —
579 3726 911 3795 rescindere]
950 3727 1318 3794 „aufheben“.
1391 3727 1597 3780 Ebenso
1636 3729 1799 3780 unten
1838 3727 2035 3780 tollere.
2086 3754 2152 3764 -
2201 3729 2269 3777 ut
2304 3724 2353 3779 si
2389 3740 2433 3778 c.
2472 3723 2643 3795 Conj.]

177 3817 325 3871 ffihrt
355 3818 441 3871 ein
470 3815 738 3871 Gleichnis
766 3816 845 3869 als
873 3816 1074 3870 Beweis
1100 3817 1201 3870 ein.
1240 3846 1308 3854 --
1345 3817 1410 3869 in
1447 3816 1721 3882 own-ando]
1762 3815 1888 3882 „bei
1916 3814 2008 3867 der
2035 3812 2441 3880 Behandlung“.
2480 3842 2544 3852 —
2586 3817 2647 3877 ἐξ

176 3904 546 3978 ἀφαιρέσεως]
582 3904 980 3958 Medizinischer
999 3904 1277 3958 Ausdruck
1303 3921 1403 3958 von
1432 3904 1525 3957 der
1553 3902 1935 3971 „Entziehung
1960 3902 2328 3970 iiberfliissiger
2353 3901 2515 3967 Saite,
2544 3903 2645 3956 mit

176 3994 523 4062 Blutegeln“.
555 4022 622 4032 —
651 3994 982 4062 sanquinem
1008 3993 1239 4060 miserit]
1267 3992 1472 4046 Ebenso
1503 3992 1625 4045 wir:
1665 4034 1695 4058 ,‚
1709 4009 1801 4045 zur
1827 3991 1969 4045 Ader
1994 3990 2230 4045 lassen“.
2263 4020 2329 4029 -
2369 4011 2642 4059 προςανα-

175 4081 545 4157 τρεφομένην]
597 4081 820 4149 „wieder
856 4099 921 4134 zu
956 4081 1179 4135 Kraften
1213 4082 1468 4149 gebracht
1479 4082 1527 4135 “.
1581 4108 1647 4118 —-—
1697 4080 2002 4149 eroyatum]
2053 4078 2459 4147 „ausgezahlt“.
2535 4075 2642 4129 Cic.

175 4172 360 4227 riihmt
404 4163 575 4225 “offers
589 4213 603 4237 ‚
657 4169 775 4223 dass
826 4170 966 4224 seine
1014 4169 1358 4238 Verwaltung
1403 4168 1713 4223 niemanden
1763 4168 1966 4222 Kosten
2014 4167 2321 4221 verursacht
2368 4166 2518 4218 habe.
2572 4192 2640 4201 ——

168 4261 311 4328 quid
353 4260 540 4315 dicam
577 4258 668 4326 cle]
718 4258 875 4312 Form
911 4259 1005 4311 der
1039 4257 1417 4328 AmplificatiO,
1466 4258 1517 4312 d.
1554 4257 1609 4311 h.
1649 4257 1740 4311 des
1777 4246 2085 4324 Ubergangs
2132 4272 2195 4307 zu
2242 4257 2403 4308 etwas
2438 4252 2492 4306 N
2492 4268 2643 4306 euem

170 4350 269 4403 mit
295 4348 637 4417 Steigerung.
693 4347 791 4400 Die
818 4347 1073 4400 Beamten
1099 4346 1209 4400 und
1236 4345 1473 4401 Offiziere
1500 4344 1816 4414 (praefecti,
1846 4344 2079 4408 comites,
2117 4343 2311 4410 leyati)
2350 4342 2441 4395 des
2469 4340 2647 4393 Statt-

278 4438 557 4493 Cmsnoms
585 4451 863 4488 sprs'rnmn
892 4451 1154 4489 sennenn.
2176 4431 2209 4481 6
