3146 4826
392 326 502 390 220
1110 330 1370 385 Ciceronis
1406 331 1664 401 epistulae
1702 331 1923 383 selectae
1958 329 2140 383 LXIV.
2226 295 2229 302 Ἰ

1230 490 1437 555 LXIV
1485 495 1585 569 (ad
1614 497 1746 555 fam.
1779 497 1847 568 X,
1881 496 2012 570 24).

864 588 974 643 Sor.
1012 590 1067 643 in
1104 588 1296 643 castris
1333 588 1395 642 V.
1433 587 1551 642 Kal.
1590 587 1814 642 Sextiles
1850 605 1897 641 a.
1937 605 1987 642 u.
2026 605 2069 641 c.
2110 589 2209 642 711
2251 587 2378 653 (43).

505 678 981 756 PLANCUS
1037 677 1245 754 IMP.
1303 677 1510 754 COS.
1567 676 1898 754 DESIG.
1959 677 2031 754 S.
2088 679 2178 752 D.
2237 674 2747 752 CICERONI.

349 824 364 862 ι
570 804 803 868 Facere
850 821 976 866 non
1022 820 1304 885 possum,
1352 802 1507 883 quin
1552 802 1619 865 in
1666 802 1952 883 singulas
1998 820 2100 865 res
2137 801 2491 882 meritaque
2539 803 2655 864 tua
2701 801 2861 864 tibi

394 911 717 993 gratias
779 927 1037 990 agam,
1094 908 1206 973 sed
1251 908 1647 973 mehercules
1694 907 1856 973 facio
1903 927 2049 972 cum
2095 907 2368 990 pudore;
2427 924 2633 988 neque
2683 907 2861 971 enim

393 1018 576 1081 tanta
605 1014 1027 1092 necessitudo,
1076 1017 1385 1097 quantam
1431 1016 1505 1078 tu
1550 1014 1713 1078 mihi
1753 1016 1968 1079 tecum
2000 1033 2139 1078 esse
2169 1013 2445 1090 voluisti,
2493 1012 2858 1078 desiderare

392 1122 647 1187 videtur
693 1122 1049 1204 gratiarum
1092 1121 1431 1197 actionem,
1488 1139 1694 1202 neque
1743 1139 1859 1202 ego
1905 1121 2179 1185 libenter
2221 1139 2335 1203 pro
2381 1119 2672 1184 maximis
2718 1120 2857 1183 tuis

392 1228 709 1293 beneficiis
757 1229 893 1291 tam
925 1227 1036 1292 vili
1064 1245 1326 1292 munere
1361 1226 1673 1308 defungor
1704 1227 2024 1304 orationiS,
2071 1229 2137 1290 et
2179 1227 2350 1291 malo
2395 1244 2696 1309 praesens
2745 1228 2859 1290 ob-

396 1334 735 1410 servantia,
781 1333 1200 1415 indulgentia,
1249 1333 1638 1398 adsiduitate
1669 1351 2016 1398 memorem
2047 1351 2150 1397 me
2181 1332 2298 1398 tibi
2330 1332 2614 1415 probare.
2662 1330 2855 1410 Quod

393 1441 448 1504 si
491 1440 651 1504 mihi
694 1440 829 1504 vita
875 1440 1237 1522 contigerit,
1292 1458 1511 1505 omnes
1569 1441 1787 1521 gratas
1844 1439 2156 1504 amicitias
2213 1441 2407 1521 atque
2468 1438 2663 1502 etiam
2707 1439 2854 1522 pias

389 1546 900 1631 propinquitates
946 1547 1014 1610 in
1058 1547 1173 1610 tua
1206 1546 1626 1623 observantia,
1671 1546 2084 1628 indulgentia,
2133 1545 2516 1610 adsiduitate
2561 1546 2853 1620 vincam;

392 1672 570 1718 amor
616 1653 786 1718 enim
833 1656 988 1718 tuus
1036 1671 1110 1718 ac
1155 1653 1460 1717 iudicium
1510 1653 1588 1717 de
1635 1671 1738 1717 me
1785 1654 2006 1716 utrum
2035 1652 2195 1716 mihi
2223 1653 2369 1735 plus
2402 1652 2733 1735 dignitatis
2781 1653 2851 1716 in

389 1761 770 1842 perpetuum
818 1778 901 1823 an
945 1760 1294 1842 voluptatis
1341 1759 1572 1823 cotidie
1622 1759 1707 1823 sit
1753 1758 2084 1823 adlaturus
2099 1807 2115 1836 ,
2159 1777 2287 1823 non
2332 1758 2517 1823 facile
2564 1759 2852 1823 dixerim.

340 1865 498 1930 2De
545 1866 915 1930 militum
962 1866 1402 1930 commodis
1449 1864 1576 1929 fuit
1606 1867 1724 1931 tibi
1755 1884 1979 1939 curae3
2029 1884 2187 1947 quos
2219 1884 2333 1948 ego
2367 1884 2492 1930 non
2523 1865 2851 1949 potentiae

389 1989 567 2036 meae
627 1990 822 2035 causa
867 2008 955 2018 —-
1001 1972 1162 2036 nihil
1222 1973 1391 2036 enim
1448 1991 1551 2036 me
1617 1991 1744 2036 non
1806 1973 2174 2036 salutariter
2232 1973 2510 2053 cogitare
2571 1973 2699 2036 seio
2762 2010 2848 2018 —-

390 2079 601 2142 ornari
647 2080 821 2143 volui
867 2097 905 2142 a
952 2080 1206 2155 senatU,
1269 2078 1381 2142 sed
1425 2079 1732 2161 primum,
1794 2079 1962 2159 quod
2016 2079 2109 2142 ita
2162 2079 2421 2142 meritos
2468 2078 2851 2157 iudicabam,

391 2183 633 2261 deinde,
681 2185 850 2266 quod
897 2185 979 2250 ad
1025 2203 1245 2249 omnes
1293 2203 1480 2249 casus
1503 2185 1974 2251 coniunctiores
2019 2185 2112 2249 rei
2156 2185 2447 2267 publicae
2494 2203 2632 2249 esse
2679 2186 2850 2249 vole-

387 2291 554 2368 bam,
600 2291 960 2368 novissime,
1007 2293 1083 2355 ut
1128 2292 1208 2356 ab
1241 2292 1414 2355 omni
1444 2292 1730 2355 omnium
1763 2291 2204 2357 sollicitatione
2238 2309 2490 2356 aversos
2530 2310 2635 2356 eos
2681 2293 2848 2356 tales

388 2397 564 2462 vobis
609 2399 933 2480 praestare
981 2417 1251 2481 possem,
1300 2397 1521 2480 quales
1571 2397 1779 2463 adhuc
1824 2398 2103 2463 fuerunt.

388 2564 472 2617 die
521 2562 747 2618 Schweiz
799 2564 974 2618 wurde
1019 2565 1085 2619 D.
1134 2565 1336 2619 Brutus
1389 2566 1644 2635 gefangen
1697 2566 1807 2620 und
1851 2567 1968 2620 dem
2017 2566 2281 2621 Antonius
2332 2567 2667 2634 ausgeliefert
2681 2608 2694 2632 ,
2746 2567 2843 2620 der

386 2652 480 2706 11111
517 2656 668 2706 toton
702 2652 822 2707 liess
856 2652 1183 2723 (September
1209 2654 1317 2719 43).
1390 2655 1472 2708 Im
1499 2655 1794 2709 November
1827 2656 1898 2710 43
1935 2655 2156 2723 erfolgte
2193 2654 2398 2709 offiziell
2435 2655 2528 2708 der
2553 2655 2848 2709 Abschlul's

387 2743 480 2796 des
516 2741 1012 2796 Triumvirats.
1085 2742 1188 2796 Am
1226 2744 1274 2797 7.
1312 2743 1598 2798 Dezember
1632 2745 1809 2798 wurde
1846 2744 2028 2798 Cicero
2064 2745 2119 2797 in
2155 2745 2247 2797 der
2282 2744 2434 2798 Nahe
2471 2761 2570 2797 von
2606 2743 2847 2797 Formiae

388 2831 665 2885 ermordet.
738 2831 811 2885 Er
846 2831 934 2885 fiel
971 2832 1064 2886 der
1098 2831 1407 2886 Rachsucht
1442 2833 1534 2886 des
1571 2833 1645 2886 M.
1683 2833 1948 2887 Antonius
1987 2850 2103 2886 zum
2141 2831 2314 2902 Opfer.

537 2933 580 2973 1.
630 2920 694 2973 in
729 2921 983 2990 sinyulas
1015 2936 1103 2975 res
1137 2922 1463 2990 meritaque]
1515 2922 1737 2988 „Punkt
1770 2922 1856 2975 fiir
1891 2922 2072 2976 Punkt
2106 2922 2199 2975 auf
2231 2922 2381 2996 deine
2414 2922 2680 2975 einzelnen
2717 2921 2845 2975 Ver·

388 3009 593 3062 dienste
629 3009 795 3076 hin“;
846 3010 912 3063 in
956 3009 1010 3063 in
1058 3010 1327 3064 dei-selben
1364 3010 1681 3079 Bedeutung
1718 3011 1813 3064 wie
1850 3013 1988 3083 πρὸς
2022 3028 2066 3065 c.
2103 3011 2288 3065 Accus.
2361 3010 2435 3064 Es
2469 3009 2691 3064 handelt
2726 3010 2842 3064 sich

387 3113 476 3149 um
526 3097 751 3150 ehrende
799 3097 1111 3152 Beschliisse
1158 3099 1243 3152 fiir
1288 3099 1515 3153 Plancus
1565 3099 1674 3153 und
1723 3098 2098 3166 Belohnungen
2148 3099 2232 3151 fiir
2281 3098 2422 3152 seine
2469 3097 2730 3168 Truppen.
2771 3128 2842 3137 —

388 3190 555 3239 tamta
590 3186 958 3254 necessitudo]
998 3187 1127 3254 „ein
1164 3204 1221 3241 so
1257 3188 1461 3256 inniges
1498 3188 1868 3241 Verbaltnis“.
1918 3217 1986 3226 --
2029 3189 2347 3256 qratiarum
2380 3187 2671 3254 actionem]
2709 3186 2842 3240 Sub-

389 3273 678 3327 stantivum
707 3292 770 3327 zu
793 3276 1014 3343 qratias
1041 3293 1213 3345 aqere.
1254 3307 1324 3316 —
1359 3292 1583 3331 munere
1620 3277 1917 3344 orationis]
1954 3278 2055 3330 mit
2090 3277 2208 3330 dem
2236 3274 2530 3345 Gegensatz
2558 3293 2654 3330 von
2683 3276 2843 3330 Wort

386 3361 495 3414 und
530 3361 670 3416 That
705 3363 1087 3432 (beneficium).
1141 3396 1207 3405 —
1258 3381 1542 3421 memorem
1586 3381 1669 3419 me
1717 3367 1823 3420 tibi
1862 3365 2128 3435 probare]
2179 3365 2262 3418 fiir
2297 3365 2392 3418 das
2427 3365 2840 3433 gewohnlichere

384 3464 439 3503 se
473 3456 757 3517 praestare
789 3458 1032 3522 yratum.
1065 3483 1134 3492 —
1184 3471 1367 3510 omnes
1398 3460 1598 3523 qratas
1635 3494 1648 3508 .
1669 3496 1680 3508 .
1703 3495 1715 3507 .
1754 3454 1998 3523 vincam]
2051 3455 2100 3508 d.
2139 3454 2192 3508 h.
2230 3470 2288 3508 er
2323 3454 2431 3507 will
2477 3454 2604 3521 alle,
2650 3452 2735 3507 die
2779 3454 2838 3507 111

384 3536 767 3592 Freundschaft
816 3541 942 3594 oder
990 3540 1449 3596 Verwandtschaft
1495 3543 1858 3597 Dankbarkeit
1905 3543 2178 3611 bethatigt
2222 3543 2389 3596 haben
2405 3585 2420 3610 ,
2470 3543 2525 3597 in
2569 3542 2838 3597 Beweisen

387 3626 554 3679 dieser
601 3626 1005 3695 Eigenschaften
1051 3629 1395 3696 iibertreffen3
1445 3632 1582 3698 pias
1630 3631 1779 3685 steht
1824 3632 1911 3684 bei
1950 3632 2429 3701 propinquitates,
2481 3632 2596 3685 weil
2644 3648 2702 3685 es
2753 3632 2839 3685 die

384 3713 747 3769 Dankbarkeit
803 3716 1130 3784 bezeichnet,
1196 3717 1279 3771 die
1324 3717 1407 3772 die
1456 3718 1650 3772 Pflicht
1670 3766 1675 3769 .
1694 3719 1978 3786 erfordert,
2042 3720 2363 3774 namentlich
2416 3736 2581 3788 gegen
2629 3719 2835 3785 Eltern,

386 3800 592 3869 thter,
629 3804 934 3858 Vaterland.
974 3835 1042 3844 —
1079 3806 1402 3874 adlaturus]
1439 3808 1534 3860 auf
1556 3808 1653 3861 das
1689 3808 2008 3862 entferntere
2036 3824 2188 3862 amor
2214 3809 2457 3877 bezogen‚
2492 3809 2609 3862 weil
2643 3825 2701 3862 es
2737 3809 2837 3862 das

383 3890 707 3958 Wichtigerc
741 3892 798 3945 in
832 3893 1028 3947 diesem
1067 3893 1517 3965 Zusammenhang
1551 3897 1641 3949 ist.

530 3989 576 4031 2.
635 3979 702 4032 de
750 3981 992 4035 militum
1040 3983 1352 4051 commodis]
1409 3983 1460 4038 S.
1511 3985 1664 4054 epist.
1714 3984 1850 4038 LXI.
1941 3985 2041 4038 Die
2094 3985 2480 4040 Konstruktion
2533 3985 2629 4039 wie
2680 3991 2839 4060 μέλει

379 4087 484 4140 μοι
535 4068 707 4143 (περί)
761 4089 921 4131 τινος.
980 4100 1047 4109 -—
1101 4073 1454 4140 salutariter]
1508 4073 1594 4125 fiir
1647 4073 1730 4125 die
1783 4072 2046 4142 Republik
2098 4098 2161 4116 =
2224 4073 2470 4142 „loyal“.
2529 4103 2595 4112 —
2649 4075 2837 4129 novis-

381 4156 535 4223 sime]
585 4179 656 4201 -=
684 4162 962 4225 postremo
1011 4175 1105 4212 zur
1138 4159 1469 4228 Einfiihrung
1516 4160 1609 4213 des
1654 4161 1851 4215 letzten
1892 4159 2104 4216 Gliedes
2148 4163 2201 4216 in
2250 4163 2344 4217 der
2377 4162 2727 4232 Aufzahlung.
2767 4193 2837 4203 —

379 4245 792 4312 sollicitatione]
850 4287 880 4312 „
896 4246 1215 4314 Aufreizung
1265 4264 1383 4301 zum
1432 4247 1610 4301 Abfall
1624 4250 1675 4301 “.
1733 4278 1800 4286 —
1849 4251 2160 4318 praestare]
2219 4294 2248 4318 ‚‚
2263 4252 2533 4306 einstehen
2587 4252 2672 4305 fiir
2718 4251 2839 4305 ihre

377 4331 622 4400 Haltung
635 4334 683 4385 “.
