3146 4826
905 351 1166 407 Ciceronis
1202 353 1461 422 epistulae
1498 353 1721 407 selectae
1757 352 1898 407 XVI.
2569 351 2643 412 85

196 512 421 577 dixerat
463 532 582 578 nec
627 514 764 591 tibi,
816 513 1011 577 etiam
1059 517 1134 577 ut
1162 513 1633 597 praefecturam
1676 512 1930 597 Scaptio
1978 513 2306 579 deferrem.
2382 514 2460 579 Id
2490 534 2638 580 vero

192 637 292 701 per
335 621 397 683 te
444 638 913 703 exceperamus,
958 639 1040 684 ne
1084 622 1494 703 negotiatori;
1544 620 1712 703 quod
1761 621 1814 684 si
1861 621 2178 702 cuiquam,
2224 621 2374 685 huic
2420 623 2638 686 tamen

192 744 332 789 non:
386 725 598 791 fuerat
653 727 825 791 enim
878 726 1240 810 praefectus
1294 728 1498 811 Appio
1512 776 1527 804 ‚
1584 728 1651 791 et
1706 726 1963 808 quidem
2018 726 2333 791 habuerat
2386 729 2639 792 turmas

193 833 491 912 equitum,
550 833 781 914 quibus
836 833 1159 898 inclusum
1212 834 1279 897 in
1335 834 1513 898 curia
1560 835 1858 898 senatum
1907 832 2227 898 Salamine
2285 832 2638 911 obsederat,

191 940 256 1000 ut
295 938 460 1004 fame
493 941 820 1004 senatores
855 941 1135 1020 quinque
1167 941 1589 1004 morerentur.
1673 939 1904 1021 Itaque
1946 958 2079 1021 eg0‚
2129 958 2253 1020 quo
2301 939 2400 1004 die
2448 940 2635 1023 tetigi

190 1045 590 1126 provinciam,
656 1065 803 1111 eum
860 1046 1020 1110 mihi
1073 1045 1291 1129 Cyprii
1351 1047 1549 1128 legati
1602 1046 1933 1128 Ephesum
1988 1046 2239 1111 obviam
2294 1047 2636 1123 venissent,

189 1150 419 1216 litteras
484 1153 659 1230 misi,
723 1154 800 1216 ut
863 1152 1112 1234 equites
1178 1171 1253 1218 ex
1315 1153 1531 1217 insula
1597 1153 1820 1217 statim
1876 1153 2272 1218 decederent.
2371 1153 2490 1218 His
2556 1153 2635 1218 de

190 1259 381 1321 causis
430 1258 616 1323 credo
667 1258 998 1342 Scaptium
1042 1260 1325 1340 iniquius
1384 1259 1460 1323 de
1517 1278 1621 1323 me
1679 1259 1921 1340 aliquid
1977 1259 2058 1324 ad
2103 1260 2383 1324 Brutum
2440 1261 2637 1345 scrip-

189 1365 347 1429 sisse.
428 1365 555 1430 Sed
601 1368 822 1430 tamen
850 1366 972 1431 hoe
1017 1385 1163 1430 sum
1204 1367 1445 1431 animo:
1494 1367 1558 1430 si
1604 1366 1894 1431 Brutus
1940 1367 2248 1449 putabit
2293 1385 2404 1431 me
2454 1386 2638 1448 qua-

187 1473 432 1536 ternas
481 1473 949 1537 centesimas
997 1473 1430 1556 oportuisse
1478 1473 1912 1550 decernere,
1959 1491 2105 1537 cum
2146 1473 2285 1537 tota
2314 1474 2638 1555 provincia

186 1578 456 1660 singulas
528 1580 933 1644 observarem
1000 1580 1219 1660 itaque
1289 1578 1628 1644 edixissem
1694 1578 1886 1660 idque
1958 1579 2154 1644 etiam
2211 1579 2636 1644 acerbissimis

184 1684 675 1750 faeneratoribus
723 1687 1120 1769 probaretur,
1169 1688 1231 1750 si
1275 1685 1848 1770 praefecturam
1892 1686 2365 1768 negotiatori
2411 1684 2636 1750 dene-

185 1794 426 1873 gatam
499 1794 893 1874 queretur,
965 1792 1133 1873 quod
1204 1811 1319 1874 ego
1387 1792 1711 1874 Torquato
1778 1793 1996 1856 nostro
2065 1792 2132 1855 in
2200 1793 2314 1856 tuo
2382 1791 2636 1868 Laeni0‚

184 1896 471 1982 Pompeio
527 1900 651 1983 ipsi
713 1900 779 1962 in
839 1897 979 1963 Sex.
1036 1897 1242 1963 Statio
1307 1899 1537 1981 negavi
1593 1900 1660 1963 et
1712 1898 1790 1962 iis
1853 1898 2142 1981 probavi,
2207 1898 2270 1963 si
2336 1898 2637 1980 equites

179 2004 540 2070 deductos
587 2007 908 2070 moleste
965 2005 1187 2082 feret,
1246 2006 1614 2089 accipiam
1671 2004 2018 2086 equidem
2074 2005 2406 2070 dolorem
2452 2005 2634 2069 mihi

177 2110 382 2177 illum
439 2113 700 2190 irasci,
755 2112 884 2177 sed
939 2113 1179 2176 multo
1243 2112 1629 2189 maiorem,
1692 2131 1836 2177 non
1902 2130 2066 2177 esse
2133 2129 2300 2176 eum
2363 2111 2625 2188 talem,

177 2220 468 2298 qualem
531 2220 945 2302 putassem.
1042 2219 1214 2284 Illud
1280 2218 1538 2300 quidem
1603 2218 1909 2284 fatebitur
1969 2218 2292 2302 Scaptius,
2356 2236 2459 2282 me
2523 2218 2624 2281 ius
2659 2236 2684 2275 -ι

176 2323 414 2390 dicente
462 2326 583 2390 sibi
629 2343 884 2390 omnem
922 2327 1257 2409 pecuniam
1305 2344 1379 2390 ex
1427 2325 1632 2389 edicto
1679 2343 1821 2390 meo
1869 2323 2195 2390 auferendi
2240 2326 2627 2407 potestatem

174 2431 394 2508 fuisse;
452 2432 614 2498 addo
671 2433 867 2498 etiam
921 2433 1108 2510 illud,
1167 2433 1332 2515 quod
1390 2451 1611 2497 vereor
1666 2433 1784 2497 tibi
1838 2433 1960 2515 ipsi
2006 2435 2080 2497 ut
2124 2433 2415 2516 probem:
2482 2451 2628 2498 con-

177 2540 395 2605 sistere
442 2559 642 2606 usura
674 2540 912 2618 debuit,
959 2558 1123 2621 quae
1156 2542 1295 2604 erat
1339 2540 1406 2603 in
1439 2539 1647 2605 edicto
1694 2558 1854 2604 meo.
1930 2539 2260 2622 Deponere
2304 2540 2630 2613 volebant3

176 2646 507 2729 impetravi
573 2667 611 2711 a
679 2646 1070 2725 Salaminiis,
1134 2648 1210 2710 ut
1274 2647 1552 2711 silerent.
1655 2645 1932 2711 Veniam
1994 2645 2089 2709 illi
2157 2645 2414 2727 quidem
2478 2646 2635 2710 mihi

179 2752 511 2831 dederunt,
570 2753 694 2818 sed.
732 2754 885 2835 quid
931 2754 1008 2818 iis
1055 2754 1191 2831 fiet,
1240 2754 1294 2818 si
1337 2754 1465 2817 huc
1511 2752 1779 2817 Paullus
1827 2753 2120 2817 venerit?
2218 2750 2343 2816 Sed
2391 2753 2637 2815 totum

177 2947 298 3015 gehe
335 2949 433 3000 auf
464 2948 579 3001 sein
615 2947 800 3001 Risiko
814 2948 864 3003 “.
915 2976 983 2985 -
1033 2948 1202 3002 etiam
1236 2946 1327 3016 ut]
1376 2948 1486 3001 Der
1520 2946 1703 3001 Inhalt
1740 2946 1833 3001 des
1867 2946 2066 3000 Briefes
2104 2946 2253 2999 steht
2290 2945 2345 3010 1)
2380 2944 2437 2997 in
2473 2944 2641 2998 einem

178 3035 290 3090 Ace.
328 3055 376 3090 c.
416 3036 534 3103 Inf.‚
589 3036 646 3101 2)
681 3036 738 3089 in
775 3036 969 3090 diesem
1005 3036 1251 3090 ut·Satz:
1291 3036 1468 3103 „dazu
1505 3036 1635 3090 solle
1670 3036 1757 3088 ich
1772 3036 1821 3090 “.
1895 3035 1994 3089 Die
2030 3034 2311 3089 Prafektur
2345 3033 2498 3086 hatte
2534 3031 2640 3088 Cic.

179 3125 281 3179 also
318 3128 500 3179 zuerst
536 3126 590 3194 (ξ
625 3125 684 3190 4)
719 3124 837 3177 dem
875 3123 1118 3195 Scaptius
1153 3125 1412 3192 bewilligt
1447 3125 1556 3178 und
1593 3124 1850 3191 nachher‚
1901 3124 1982 3177 als
2028 3141 2085 3177 er
2134 3123 2217 3176 die
2255 3123 2484 3177 naheren
2518 3121 2641 3177 Um-

179 3215 359 3268 stande
399 3215 571 3268 seines
610 3213 926 3266 Verhaltens
972 3217 1130 3267 unter
1177 3213 1294 3266 dem
1331 3213 1661 3267 Statthalter
1695 3211 1900 3283 Appius
1935 3212 2175 3267 erfahren
2220 3212 2402 3279 hatte,
2454 3211 2644 3265 wieder

180 3305 445 3372 entzogen.
498 3332 568 3340 —
618 3302 683 3356 id
718 3302 1120 3370 exceperamus]
1159 3343 1191 3368 „
1206 3302 1305 3355 den
1344 3301 1635 3355 Verbehalt
1670 3301 1824 3354 hatte
1859 3301 1946 3354 ich
1982 3301 2083 3354 mir
2117 3301 2173 3354 in
2210 3301 2432 3354 meinem
2466 3298 2642 3353 Erlafs

179 3392 474 3457 gewahrt“.
514 3419 584 3429 --
620 3406 692 3445 ne
725 3390 1090 3460 neqotiatori]
1128 3406 1200 3444 sc.
1235 3389 1654 3459 praefecturam
1680 3388 1962 3455 defmem.
2003 3420 2070 3427 —
2107 3405 2232 3444 cum
2265 3389 2517 3457 squulas
2552 3387 2640 3441 ob-

179 3479 467 3549 servarem]
508 3479 790 3547 „wiihrend
816 3479 903 3532 ich
930 3479 1064 3532 doch
1091 3478 1282 3532 darauf
1304 3478 1529 3545 achtete,
1567 3477 1687 3532 dass
1722 3494 1825 3533 nur
1860 3479 1891 3532 1
1925 3495 2039 3532 vom
2062 3477 2312 3531 Hundert
2337 3491 2641 3544 genommen

178 3568 340 3623 werde
353 3570 402 3623 “.
441 3597 512 3608 —
550 3569 619 3623 L.
648 3568 908 3622 Mamilius
937 3568 1275 3636 Torquatus]
1312 3567 1517 3621 Konsul
1542 3566 1594 3621 J.
1625 3567 1694 3621 65
1731 3567 1840 3622 und
1867 3567 1968 3620 mit
1995 3565 2101 3620 Cic.
2133 3564 2451 3630 befreundet,
2488 3563 2641 3616 hatte

178 3657 364 3712 ebenso
398 3658 499 3711 wie
535 3657 717 3727 Pomp.
756 3657 874 3710 dem
911 3656 1017 3712 Cic.
1055 3657 1207 3711 einen
1242 3655 1553 3724 Schiitzling
1587 3656 1672 3709 fiir
1707 3656 1822 3710 eine
1858 3655 2139 3709 Prafektur
2174 3652 2483 3722 empfohlen.

320 3760 367 3800 7.
405 3762 492 3800 me
527 3747 622 3800 ius
659 3746 893 3813 dicente]
932 3746 982 3799 d.
1010 3746 1064 3800 h.
1102 3745 1238 3800 nach
1269 3743 1474 3799 Ciceros
1501 3744 1822 3798 Erkenntnis
1858 3745 2053 3798 konnte
2081 3740 2324 3811 Scaptius
2362 3740 2445 3794 die
2480 3757 2645 3809 ganze

180 3832 384 3888 Summe
431 3835 677 3889 erheben.
750 3834 848 3888 Die
894 3833 1204 3887 Salaminier
1238 3833 1453 3887 wollten
1501 3833 1578 3887 sie
1626 3834 1952 3903 deponieren.
2024 3831 2179 3885 Dann
2227 3829 2458 3885 mufsten
2509 3830 2643 3884 auch

180 3921 257 3976 die
294 3923 504 3990 Zinsen,
544 3922 629 3976 die
666 3922 771 3978 Cic.
808 3922 1019 3976 erlaubt
1053 3923 1223 3987 hatte,
1261 3922 1514 3977 aufhiiren
1552 3922 1900 3988 (consistere).
1969 3921 2110 3975 Aber
2146 3920 2214 3974 da
2250 3919 2493 3990 Scaptius
2531 3919 2645 3973 sich

181 4012 422 4080 weigerte
437 4055 450 4079 ,
504 4012 648 4065 diese
683 4010 1031 4080 Abmachung
1066 4011 1420 4065 anzunehmen
1438 4054 1451 4078 ,
1502 4010 1620 4064 weil
1668 4026 1726 4065 er
1774 4013 1911 4065 etwa
1959 4013 2116 4064 unter
2151 4009 2269 4063 dem
2305 4008 2643 4077 zukiinftigen

179 4098 507 4154 Statthalter
541 4101 751 4155 bessere
787 4099 1385 4168 Wucherbedingungen
1420 4116 1486 4153 zu
1522 4098 1743 4152 erzielen
1779 4098 1943 4152 hoffte
1961 4141 1974 4165 ,
2024 4097 2341 4152 veranlal'ste
2376 4096 2481 4152 Cic.
2521 4113 2553 4150 a
2567 4114 2602 4150 u
2618 4114 2645 4149 s

179 4187 572 4243 Nachsicht
621 4205 836 4257 gegen
888 4188 1155 4242 Brutus
1206 4188 1401 4255 (totum
1450 4188 1551 4242 hoc
1586 4188 1773 4241 Bruto
1822 4185 1976 4254 dedi)
2026 4186 2110 4240 die
2146 4186 2480 4252 Salaminier,
2534 4184 2645 4239 sich

181 4277 288 4332 dies
324 4278 552 4347 gesallen
591 4295 655 4331 zu
691 4277 866 4331 lassen
902 4277 990 4344 (ut
1025 4278 1285 4345 silerent).
1326 4306 1394 4317 --
1431 4277 1651 4330 veniam
1685 4275 1825 4331 mihi
1862 4273 2157 4341 dederunt]
2211 4273 2328 4340 „sie
2365 4273 2554 4327 thaten
2591 4289 2647 4325 es

180 4367 278 4425 mir
307 4384 373 4420 zu
402 4365 703 4434 Gefallen“,
741 4366 836 4419 wie
872 4366 1103 4420 nachher
1130 4366 1354 4436 aliquid
1381 4365 1517 4420 dare
1554 4365 1744 4420 alicui.
1784 4394 1852 4404 —
1890 4361 2154 4431 Paullus]
2191 4361 2392 4414 damals
2428 4359 2647 4415 Konsul.
