3146 4826
486 328 597 391 208
1200 329 1459 386 Ciceronis
1495 331 1752 401 epistulae
1789 332 2010 385 selectae
2044 331 2232 386 LVIII.

425 493 557 556 41η
604 511 857 556 summa
902 492 1293 574 reliquorum
1341 492 1648 557 servitute
1694 493 1855 557 liber
1899 511 2067 556 unus
2113 492 2222 556 fui.
2316 491 2421 557 Sic
2469 511 2632 556 sum
2675 494 2759 557 in
2807 495 2959 556 An-

492 598 783 661 tonium
828 598 1201 676 invectus,
1263 600 1339 662 ut
1397 599 1503 662 ille
1560 617 1689 661 non
1743 598 1939 662 ferret
1994 616 2372 679 omnemque
2421 617 2613 662 suum
2657 600 2959 663 vinulen-

491 707 631 768 tum
677 703 958 769 furorem
1004 705 1067 767 in
1116 724 1219 769 me
1267 723 1470 769 unum
1503 703 1856 769 effunderet
1885 722 2116 785 meque
2165 706 2306 768 tum
2354 704 2576 768 elicere
2623 706 2833 769 vellet
2880 705 2958 768 ad

476 809 704 874 caedis
753 795 1041 888 causam,
1101 813 1242 874 tum
1289 812 1636 893 temptaret
1680 810 1960 873 insidiis:
2028 828 2246 891 quem
2301 829 2415 891 ego
2461 813 2839 875 ructantem
2897 813 2962 876 et

477 918 911 980 ⁴nauseantem
942 917 1227 981 conieci
1258 917 1332 980 in
1366 916 1718 981 Caesaris
1754 914 2156 980 Octaviani
2185 917 2480 998 plagas3
2528 935 2715 998 puer
2760 917 2962 980 enim

494 1022 844 1103 egregius
904 1023 1372 1105 praesidium
1434 1022 1582 1086 sibi
1635 1023 1957 1104 primum
2016 1024 2089 1085 et
2132 1022 2373 1098 1161118,
2434 1022 2703 1086 deinde
2757 1041 2963 1086 sum-

478 1147 652 1192 :mae
699 1130 808 1192 rei
838 1129 1189 1211 publicae
1223 1129 1723 1211 comparavit:
1773 1128 1897 1210 qui
1942 1128 2092 1192 nisi
2130 1128 2434 1204 fuisset,
2479 1129 2801 1191 Antonii
2848 1147 2965 1192 re-

487 1234 703 1298 ditus
753 1253 791 1297 a
820 1234 1230 1299 Brundisio
1259 1235 1503 1317 pestis
1549 1235 1848 1317 patriae
1896 1234 2194 1298 fuisset.
2265 1233 2442 1311 Quae
2476 1234 2781 1316 deinceps
2818 1236 2965 1298 acta

421 1359 470 1398 ,ε
496 1339 642 1416 sint,
690 1340 849 1403 scire
896 1343 959 1404 te
1009 1341 1298 1405 arbitror.
1372 1339 1497 1405 Sed
1528 1340 1865 1405 redeamus
1897 1340 2068 1416 illuc,
2113 1340 2281 1403 unde
2315 1340 2744 1404 devertimus:
2799 1341 2967 1405 acci-

477 1478 482 1484 ·
492 1445 595 1527 pio
644 1446 1112 1510 excusationem
1158 1449 1339 1511 tuam
1371 1447 1447 1511 de
1484 1446 1887 1529 Sempronio;
1935 1464 2142 1528 neque
2190 1447 2359 1510 enim
2407 1446 2638 1510 statuti
2685 1446 2854 1527 quid
2900 1450 2967 1510 in

478 1554 680 1616 tanta
722 1554 1198 1635 perturbatione
1245 1555 1478 1618 habere
1524 1553 1808 1636 potuisti.

681 1695 869 1759 Nunc
913 1696 1018 1759 hic
1065 1695 1197 1759 dies
1246 1695 1438 1758 aliam
1484 1696 1686 1758 vitam
1733 1694 1956 1770 adfert,
2005 1694 2160 1757 alios
2205 1711 2414 1757 mores
2462 1694 2772 1775 postulat,

481 1821 572 1882 *ut
619 1819 710 1882 ait
758 1819 1108 1883 Terentius.
1185 1818 1394 1896 Quam
1442 1820 1520 1882 ob
1568 1837 1723 1893 rem,
1770 1818 1861 1880 mi
1908 1816 2159 1894 Quinte,
2208 1816 2554 1881 conscende
2599 1819 2966 1894 nobiscum,

473 1927 563 1988 -et
611 1924 871 2006 quidem
903 1925 984 1988 ad
1013 1925 1308 2007 puppim:
1357 1942 1486 1987 una
1530 1923 1712 1988 navis
1761 1926 1861 1987 est
1904 1923 2034 1987 iam
2065 1925 2374 1987 bonorum
2406 1924 2711 2000 omnium,
2767 1943 2969 2005 quam

481 2031 757 2112 -quidem
801 2050 917 2094 nos
965 2033 1192 2094 damus
1241 2049 1498 2113 operam
1543 2032 1621 2094 ut
1660 2032 1902 2093 rectam
1933 2032 2286 2093 teneamus.
2355 2029 2622 2093 Utinam
2653 2049 2966 2113 prospero

475 2138 721 2201 fcursu!
803 2136 928 2200 Sed
975 2137 1358 2218 quicumque
1405 2136 1581 2201 venti
1628 2138 1840 2213 erunt,
1902 2155 2005 2199 ars
2050 2138 2272 2199 nostra
2319 2137 2487 2198 certe
2533 2154 2662 2198 non
2715 2136 2965 2209 aberit:

502 2243 653 2325 quid
702 2242 870 2306 enim
914 2246 1239 2326 praestare
1282 2243 1453 2306 aliud
1484 2243 1692 2307 virtus
1723 2244 1983 2325 potest?
2053 2243 2149 2304 Tu
2194 2241 2295 2305 fac
2340 2243 2416 2304 ut
2461 2259 2693 2321 magno
2747 2242 2964 2305 animo

485 2350 588 2412 :sis
637 2350 702 2412 et
747 2349 989 2412 excelso
1037 2349 1402 2430 cogitesque
1451 2368 1705 2412 omnem
1738 2348 2118 2430 dignitatem
2164 2349 2346 2410 tuam
2394 2366 2540 2410 cum
2586 2366 2655 2410 re
2701 2348 2969 2430 publica

475 2456 902 2519 :coniunctam
952 2473 1087 2519 esse
1138 2455 1379 2518 debere.

474 2664 587 2701 .am
632 2648 683 2700 2.
733 2646 1035 2716 September
1082 2648 1139 2700 in
1187 2646 1486 2701 massvoller
1528 2647 1705 2700 Weise
1748 2650 1820 2714 (l.
1868 2647 2214 2717 philippische
2257 2646 2438 2712 Rede).
2521 2647 2809 2701 Trotzdem
2856 2650 2969 2701 ent-

503 2735 712 2789 fesselte
763 2753 821 2788 er
869 2735 1102 2788 dadurch
1148 2735 1231 2789 die
1281 2735 1413 2789 Wut
1456 2735 1548 2788 des
1587 2735 1849 2789 Antonius
1866 2777 1880 2800 ‚
1931 2735 2023 2788 der
2071 2752 2157 2788 am
2195 2736 2279 2789 19.
2318 2735 2623 2806 September
2669 2735 2777 2789 mit
2824 2736 2969 2789 einer

502 2824 871 2878 hafserfiillten
919 2824 1063 2877 Rede
1107 2840 1274 2891 gegen
1319 2822 1500 2877 Cicero
1555 2824 1776 2891 vorging
1825 2822 2093 2889 (fibrorem
2147 2825 2212 2876 in
2260 2840 2341 2878 me
2386 2840 2564 2876 unum
2611 2824 2968 2892 effunderet).

505 2914 688 2989 Dieser
723 2915 893 2980 wagte
930 2913 1080 2965 nicht
1116 2929 1180 2965 zu
1215 2915 1526 2976 antwortem
1566 2912 1976 2965 veroffentlichte
2012 2913 2137 2964 aber
2183 2914 2375 2982 spater‚
2414 2912 2668 2965 nachdem
2696 2910 2969 2966 Antonius

505 3001 588 3054 die
616 3000 953 3070 Hauptstadt
979 3000 1243 3054 verlassen
1269 3000 1437 3066 hatte,
1477 3000 1618 3053 scine
1647 3000 1697 3054 2.
1727 3000 2089 3069 philippische‚
2117 3000 2202 3053 nie
2229 3001 2466 3053 vvirklich
2492 3000 2778 3068 gehaltene
2805 3001 2967 3066 Rede,

506 3089 590 3141 die
626 3089 705 3142 als
740 3089 917 3159 Typus
955 3089 1047 3142 der
1083 3087 1465 3141 Schmahreden
1502 3088 1555 3141 in
1596 3087 1688 3141 der
1723 3088 2018 3140 Litteratur
2051 3088 2230 3155 gelten
2265 3089 2423 3141 kann.

652 3189 698 3229 4.
755 3176 1125 3245 vinulentum]
1180 3175 1517 3230 Trunksucht
1570 3176 1679 3228 und
1745 3176 1978 3244 sonstige
2033 3175 2234 3229 Ausscb
2243 3177 2530 3242 weifungen
2585 3176 2797 3229 werden
2854 3177 2971 3229 dem

508 3262 768 3316 Antonius
826 3264 1008 3333 haufig
1061 3265 1425 3332 vorgevvorfen.
1519 3264 1699 3316 Daher
1759 3264 1928 3317 bleibt
1981 3265 2116 3317 auch
2170 3264 2279 3318 Cic.
2335 3264 2436 3316 mit
2487 3269 2807 3318 ructantem
2863 3264 2970 3317 und

507 3357 885 3415 nauseantem,
924 3352 1007 3404 die
1044 3353 1193 3405 beide
1229 3352 1330 3406 den
1368 3352 1665 3405 ekelhaften
1704 3353 1938 3406 Zustand
1985 3353 2077 3406 des
2112 3353 2380 3406 Rausches
2417 3353 2527 3405 und
2564 3353 2736 3406 seiner
2772 3353 2971 3421 Folgen

480 3440 818 3493 ‘bezeichnen
834 3482 847 3506 ‚
894 3440 950 3492 in
996 3441 1166 3494 dieser
1200 3441 1557 3508 Vorstellung.
1598 3469 1666 3479 —
1707 3440 1873 3508 puer]
1924 3441 2108 3494 Dieser
2142 3441 2220 3494 oft
2264 3458 2362 3494 von
2398 3441 2508 3495 Cic.
2545 3442 2675 3494 iiber
2711 3441 2972 3495 Octavian

475 3562 478 3567 -
508 3528 827 3595 gebrauchte
872 3526 1149 3582 Ausdruck
1178 3519 1333 3596 zeigt,
1373 3528 1488 3581 dass
1518 3528 1611 3581 der
1638 3528 1801 3581 Sonat
1827 3529 1921 3582 ihn
1948 3546 2016 3582 an
2042 3530 2154 3582 und
2183 3529 2264 3582 fiir
2293 3529 2406 3582 sich
2431 3529 2882 3597 geringschatzte.
2904 3558 2969 3567 -

508 3615 617 3669 sibi
645 3615 917 3684 primum]
968 3617 1085 3669 weil
1120 3617 1385 3670 Antonius
1436 3617 1538 3669 und
1580 3615 1833 3671 Octavian
1877 3617 2101 3685 inbezug
2149 3617 2243 3670 auf
2273 3616 2466 3671 Casars
2516 3617 2817 3672 wirkliches
2864 3617 2972 3671 und

510 3703 814 3771 politisches
850 3703 986 3757 Erbe
1022 3704 1075 3756 N
1076 3705 1393 3758 ebenbuhler
1430 3721 1619 3758 waren.
1658 3735 1725 3743 —-
1762 3723 1801 3758 a
1837 3705 2172 3772 Brundisio]
2212 3707 2290 3758 als
2327 3723 2384 3759 er
2419 3706 2475 3759 in
2501 3705 2852 3759 Brundisium
2890 3706 2972 3758 die

512 3791 936 3845 mazedonischen
971 3792 1230 3860 Legionen
1267 3793 1572 3863 empfangen
1609 3794 1777 3847 hatte.
1852 3793 1903 3847 S.
1942 3795 2095 3863 epist.
2134 3794 2273 3860 LIII,
2314 3795 2363 3847 2.

660 3890 705 3930 ⁵.
753 3880 960 3933 statuti
996 3880 1136 3948 quid
1172 3880 1392 3949 habere]
1444 3881 1620 3947 „feste
1667 3881 1777 3933 und
1820 3882 2123 3935 bestimmte
2163 3881 2493 3936 Grundsatze
2536 3881 2781 3950 befolgen
2797 3883 2848 3937 “.
2903 3910 2970 3920 -

516 3964 825 4030 Terentius]
863 3966 919 4018 in
956 3968 1126 4020 8611161·
1161 3967 1411 4021 Komodie
1451 3967 1664 4021 Andria.
1705 3997 1771 4006 —-
1810 3968 2129 4037 conscende]
2165 3971 2265 4022 mit
2300 3970 2394 4023 der
2427 3969 2674 4037 haufigen
2703 3970 2971 4039 Anegorie

513 4051 607 4104 des
635 4051 846 4105 Staates
883 4053 1046 4106 durch
1086 4055 1179 4108 das
1208 4055 1330 4108 Bild
1367 4056 1508 4109 eines
1537 4056 1770 4110 Schiffes.
1810 4086 1878 4096 —
1917 4057 1995 4110 ad
2021 4058 2294 4126 puppim]
2332 4059 2448 4111 weil
2476 4058 2597 4111 dort
2633 4058 2731 4112 das
2759 4058 2971 4112 Steuer·

515 4140 671 4192 ruder
707 4140 797 4193 ist.
838 4170 903 4179 -
942 4159 1107 4210 quam
1141 4149 1209 4197 ut
1244 4149 1452 4197 rectam
1490 4145 1794 4212 teneamus]
1836 4187 1865 4211 ‚,
1880 4145 1996 4198 dass
2035 4147 2128 4199 wir
2163 4163 2220 4199 68
2257 4148 2386 4199 iiber
2409 4145 2622 4199 Wasser
2658 4147 2969 4215 (cigentlich

516 4269 547 4293 ‚,
563 4227 946 4295 geradstehend
962 4230 1015 4294 “)
1042 4230 1291 4295 halten“‚
1320 4231 1416 4283 wie
1443 4231 1599 4299 Soph.
1629 4232 1755 4286 Ant.
1791 4234 1888 4288 189
1905 4234 1970 4287 f.:
2009 4237 2206 4302 ταύτης
2232 4234 2561 4302 (Vaterland)
2586 4236 2683 4289 ἐπὶ
2713 4239 2972 4295 πλέοντες

479 4358 486 4364 .
515 4317 694 4386 ὀρθῆς.
735 4344 801 4353 -
841 4332 934 4370 wrs
968 4316 1184 4385 nostra]
1222 4333 1408 4370 unsere
1446 4319 1832 4386 „Thatigkeit“
1873 4321 1953 4374 als
1989 4320 2332 4376 Steuerleute.

3126 2560 3127 2563 „
3112 2355 3128 2499 μᾼᾈᾷ
