3146 4826
452 325 555 386 186
1227 327 1489 382 Ciceronis
1524 327 1782 396 epistulae
1820 327 2040 381 selectae
2076 327 2132 381 L.

454 506 576 568 que
634 490 931 552 nostrum
1000 487 1503 552 amantissimus:
1592 487 1760 551 Nam
1817 506 1964 552 cum
2031 487 2098 551 in
2158 487 2594 551 Tusculanum
2664 488 2913 570 vesperi

453 594 768 658 venissem
790 641 804 670 ,
863 592 1165 677 postridie
1212 595 1319 658 ille
1367 594 1449 658 ad
1492 612 1596 658 me
1613 641 1628 669 ,
1686 592 1970 657 nondum
2026 593 2184 657 satis
2229 592 2411 657 firmo
2458 611 2715 676 corpore
2765 612 2915 657 cum

453 702 639 775 esset,
684 719 872 764 mane
920 701 1124 774 venit3
1174 719 1363 790 quem
1410 719 1557 764 cum
1605 699 2022 780 obiurgarem,
2071 698 2240 781 quod
2287 717 2516 782 parum
2561 698 2914 763 valetudini

451 807 773 888 parceret,
819 808 962 869 tum
1008 806 1146 882 ille,
1191 806 1353 869 nihil
1399 806 1518 869 sibi
1562 806 1816 887 longius
1862 804 2092 882 fuisse,
2140 823 2334 887 quam
2380 807 2456 868 ut
2499 824 2602 869 me
2648 804 2910 869 videret.

454 910 1043 993 „Numquidnam“,
1074 912 1355 992 inquam,
1388 912 1668 989 „novi?“
1723 912 1975 976 Detulit
2007 910 2086 974 ad
2117 930 2221 975 me
2254 910 2641 992 querelam
2673 912 2913 987 tuam,

455 1016 538 1081 de
587 1035 732 1098 qua
776 1017 1222 1099 priusquam
1270 1016 1715 1099 respondeo,
1761 1035 2001 1100 pauca
2046 1034 2470 1100 proponam.

404 1147 430 1189 2
632 1121 964 1201 Quantum
1020 1123 1329 1186 memoria
1387 1125 1673 1205 repetere
1738 1122 2084 1206 praeterita
2143 1141 2434 1205 possum,
2493 1140 2723 1186 nemo
2791 1123 2915 1185 est

453 1228 649 1291 mihi
701 1229 780 1291 te
839 1227 1145 1292 amicus
1193 1228 1654 1310 antiquior;
1717 1228 1829 1293 sed
1874 1230 2163 1293 vetustas
2210 1228 2406 1292 habet
2453 1227 2694 1309 aliquid
2745 1245 2915 1291 com-

453 1351 645 1397 mune
702 1352 849 1398 cum
910 1334 1158 1411 multiS,
1219 1352 1397 1398 amor
1441 1353 1569 1398 non
1614 1335 1843 1398 habet:
1906 1334 2095 1398 dilexi
2150 1336 2241 1411 te,
2302 1352 2427 1415 quo
2483 1332 2582 1397 die
2631 1332 2914 1415 cognovi,

453 1457 680 1521 meque
738 1458 776 1502 a
833 1442 896 1505 te
958 1439 1136 1522 diligi
1189 1440 1478 1505 iudicavi.
1570 1441 1747 1505 Tuus
1795 1440 2021 1505 deinde
2070 1439 2388 1504 discessus
2435 1445 2616 1521 isque
2665 1438 2916 1503 diutur-

452 1563 593 1621 nuS,
640 1545 898 1610 ambitio
946 1549 1166 1610 nostra
1211 1548 1278 1611 et
1323 1547 1491 1611 vitae
1527 1546 1976 1611 dissimilitudo
2022 1565 2150 1610 non
2199 1549 2298 1611 est
2327 1565 2518 1629 passa
2548 1547 2912 1610 voluntates

452 1653 703 1715 nostras
751 1652 1206 1717 consuetudine
1256 1653 1714 1734 conglutinam
1775 1654 1963 1716 tuum
2008 1654 2228 1716 tamen
2277 1671 2428 1734 erga
2473 1671 2575 1716 me
2624 1652 2913 1716 animum

454 1757 722 1838 adgnovi
782 1758 1005 1822 multis
1070 1759 1252 1822 annis
1313 1761 1461 1823 ante
1521 1758 1762 1822 bellum
1823 1759 2004 1822 civile
2023 1806 2038 1835 ,
2108 1777 2255 1823 cum
2319 1758 2556 1823 Caesar
2616 1759 2788 1822 esset
2846 1758 2913 1821 in

455 1862 680 1926 Gallia.
757 1862 938 1942 Quod
974 1865 1142 1928 enim
1173 1865 1584 1929 vehementer
1627 1864 1785 1928 mihi
1830 1865 1987 1929 utile
2031 1884 2170 1929 esse
2202 1866 2476 1947 putabas
2520 1883 2639 1928 nec
2682 1863 2912 1927 inutile

452 1969 572 2049 ipsi
605 1967 881 2046 Caesari,
926 1969 1264 2053 perfecisti,
1313 1974 1387 2036 ut
1433 1971 1537 2034 ille
1576 1989 1679 2034 me
1712 1970 2021 2052 diligeret,
2069 1972 2320 2046 coleret,
2364 1972 2630 2035 haberet
2657 1970 2727 2033 in
2759 1970 2912 2033 suis,

453 2074 663 2139 Multa
719 2077 1078 2157 praetereO,
1148 2096 1312 2159 quae
1374 2077 1768 2160 temporibus
1827 2078 1955 2141 illis
2014 2077 2183 2142 inter
2242 2096 2357 2141 nos
2416 2074 2909 2139 familiarissime

455 2179 652 2258 dicta,
713 2181 976 2264 scripta,
1037 2184 1503 2248 communicata
1550 2187 1734 2258 sunt3
1796 2185 2087 2266 graviora
2134 2184 2304 2249 enim
2352 2184 2691 2247 consecuta
2740 2184 2911 2245 sunt.

405 2311 429 2351 s
452 2287 538 2349 Et
594 2286 775 2352 initio
834 2288 984 2352 belli
1044 2288 1244 2353 civilis
1306 2309 1451 2354 cum
1495 2290 1914 2355 Brundisium
1970 2309 2192 2355 versus
2248 2290 2374 2353 ires
2423 2289 2503 2352 ad
2550 2288 2911 2363 Caesarem,

452 2393 683 2458 venisti
730 2393 809 2457 ad
856 2412 959 2458 me
1005 2395 1071 2458 in
1101 2396 1526 2460 Formianum.
1604 2395 1894 2460 Primum
1939 2397 2059 2462 hoc
2090 2397 2303 2479 ipsum
2337 2396 2577 2478 quanti,
2622 2412 2911 2478 praeser-

453 2569 600 2621 briva
626 2568 853 2622 bedient.
911 2568 1102 2639 Spfiter
1126 2570 1343 2638 gehorte
1370 2588 1427 2624 er
1454 2589 1517 2625 zu
1547 2571 1647 2625 den
1675 2572 2156 2641 Mittelspersonen‚
2195 2571 2361 2625 durch
2398 2572 2482 2625 die
2513 2571 2664 2640 jener
2699 2570 2793 2623 auf
2828 2570 2910 2623 die

455 2657 862 2711 schwankenden
891 2657 1161 2712 Elementa
1189 2658 1282 2712 der
1308 2658 1671 2730 Senatspartei
1709 2678 1771 2713 zu
1799 2660 1996 2713 wirken
2024 2660 2224 2713 suchte.
2291 2659 2576 2727 Deswegen
2611 2661 2781 2711 nennt
2815 2658 2911 2711 ihn

453 2745 585 2798 auch
622 2745 798 2800 Cicero
830 2747 1032 2814 plenus
1068 2746 1247 2813 officii
1285 2772 1349 2791 =
1391 2747 1682 2816 officiosus.
1722 2778 1791 2786 —
1826 2749 1974 2802 nihil
2005 2749 2114 2802 sibi
2152 2749 2372 2819 lonqius
2407 2747 2583 2812 fuisse
2618 2764 2786 2816 quam
2821 2743 2917 2817 ut]-

456 2834 672 2900 „nichts
706 2835 843 2889 habe
877 2835 987 2888 ihm
1025 2835 1208 2903 langer
1242 2837 1512 2903 gedauert,
1552 2838 1632 2890 als
1670 2837 1786 2890 dass
1803 2838 1834 2862 “
1876 2861 1939 2879 =
1982 2853 2082 2903 „er
2116 2837 2251 2890 habe
2279 2837 2362 2890 die
2389 2836 2591 2890 Stunde
2626 2852 2725 2902 gar
2759 2835 2912 2888 nicht

452 2926 706 2976 erwarten
743 2924 947 2977 konnen
963 2925 1011 2978 “.
1054 2951 1118 2960 —
1155 2923 1489 2992 proponam]
1528 2967 1557 2990 ‚‚
1576 2942 1668 2978 zur
1702 2924 1931 2995 Sprache
1971 2925 2203 2992 bringen,
2242 2925 2584 2978 hinweisen“.

596 3023 642 3065 2.
681 3013 943 3067 memoria
978 3017 1218 3080 repetere
1254 3014 1499 3081 aliquid]
1539 3013 1694 3080 „sich
1729 3016 1893 3066 etwas
1929 3014 2013 3067 ins
2042 3011 2366 3067 Gedachtnis
2404 3011 2807 3065 zuriickrufen“.
2840 3039 2908 3050 -

450 3100 712 3165 vetustas]
751 3117 965 3153 unserer
1000 3099 1406 3155 Freundschaft:
1446 3102 1554 3168 alte
1591 3101 1828 3155 Freunde
1864 3101 2061 3154 besitze
2096 3100 2183 3155 ich
2219 3101 2365 3167 viele,
2403 3100 2528 3153 aber
2562 3099 2767 3166 keinen,
2807 3099 2908 3152 den

450 3186 536 3240 ich
574 3203 630 3240 so
667 3189 875 3241 schatze
912 3188 1007 3241 wie
1044 3189 1180 3243 dich.
1218 3217 1289 3227 —
1326 3189 1550 3256 deinde]
1590 3190 1766 3243 erhalt
1802 3190 1968 3243 durch
2004 3190 2089 3243 die
2116 3189 2363 3256 Stellung
2398 3187 2775 3256 adjektivische
2811 3187 2910 3240 Be-

450 3275 703 3344 deutung.
775 3274 894 3343 Vgl.
935 3280 990 3329 οἱ
1025 3279 1147 3331 τότε
1186 3282 1487 3351 ἄνθρωποι.
1540 3306 1607 3317 -
1661 3278 1888 3332 ambitio
1923 3279 2142 3344 nostra]
2190 3277 2305 3331 weil
2341 3276 2518 3331 Cicero
2552 3276 2608 3329 in
2645 3276 2743 3329 das
2779 3275 2911 3345 poli·

453 3363 619 3418 tische
654 3365 825 3418 Leben
862 3364 1086 3431 cintrat,
1125 3366 1371 3419 wahl-end
1405 3365 1606 3419 Matius
1641 3366 1984 3420 Privatmann
2020 3366 2176 3420 blieb.
2226 3396 2290 3404 —
2342 3365 2653 3419 volumtates
2687 3369 2911 3420 nomas

451 3453 844 3508 consuetudine
873 3454 1277 3523 conylutinari]
1318 3455 1478 3521 „dass
1505 3472 1691 3509 unsere
1718 3455 1902 3522 (echon
1920 3455 2270 3521 vorhandene)
2294 3453 2349 3508 N
2348 3454 2543 3522 eigung
2570 3453 2735 3506 durch
2763 3454 2911 3506 stan-

452 3541 606 3609 digen
624 3542 859 3596 Verkehr
888 3542 1000 3595 sich
1028 3543 1279 3610 befestige
1307 3545 1843 3613 (zusammengeleimt
1870 3544 2118 3609 werde)“.
2158 3573 2225 3581 —
2264 3542 2531 3612 adgnovi]
2570 3541 2680 3595 Das
2708 3541 2911 3608 cigent-

450 3629 584 3683 liche
610 3629 765 3682 Wort
790 3630 874 3682 fiir
903 3631 998 3683 das
1023 3629 1493 3684 Wiedererkennen
1529 3634 2008 3702 (ἀναγιγνώσκειν)
2042 3648 2143 3685 von
2171 3635 2349 3698 etwaS‚
2388 3647 2495 3683 was
2522 3629 2689 3682 einem
2716 3627 2913 3696 gehiirt

451 3717 574 3770 oder
600 3733 705 3770 was
731 3733 855 3770 man
882 3718 1060 3770 friiher
1088 3717 1248 3772 sehon
1275 3719 1511 3787 gekannt
1536 3720 1648 3773 hat.
1687 3750 1755 3758 —
1792 3726 1860 3775 ut
1895 3721 1990 3774 ille
2026 3720 2151 3788 etc]
2189 3719 2534 3786 Ausffihmng
2560 3717 2654 3770 des
2679 3716 2909 3770 Vol-her-

448 3804 717 3872 gehenden
753 3807 1129 3875 (‚‚niimlich“).

598 3907 643 3949 3.
680 3895 783 3962 Et]
821 3896 927 3949 Mit
952 3896 1171 3950 leichter
1197 3896 1568 3964 Anakoluthie,
1607 3897 1701 3950 wie
1738 3897 1815 3952 oft
1850 3897 1933 3950 bei
1961 3895 2374 3964 Aufzahlungen,
2410 3893 2758 3964 entsprechen
2788 3893 2911 3948 dem

447 3982 654 4036 Besuch
702 3982 793 4037 des
829 3983 1029 4038 Matius
1077 3985 1306 4038 nachher
1355 3985 1439 4038 die
1487 3986 1590 4039 mit
1636 4001 1734 4040 nec
1780 4001 1908 4041 vero
1958 3985 2326 4053 eingeleiteten
2371 3981 2913 4036 freundschaftlichen

448 4071 635 4125 Briefe.
675 4100 740 4110 —
779 4071 1167 4141 Formianum]
1205 4073 1315 4126 Das
1352 4074 1599 4142 Landgut
1626 4072 1829 4128 Ciceros
1866 4074 1950 4127 bei
1976 4073 2228 4127 Formiae.
2293 4071 2345 4125 S.
2383 4089 2448 4125 zu
2484 4071 2641 4140 epist.
2668 4069 2827 4137 XIII,
2858 4072 2911 4125 1.

448 4157 557 4213 Fiir
601 4160 686 4213 die
732 4160 990 4229 damalige
1024 4161 1162 4229 Lage
1210 4161 1498 4229 vergleiche
1546 4162 1630 4215 die
1680 4178 1774 4215 aus
1810 4161 2046 4215 Formiae
2094 4160 2495 4229 geschriebenen
2531 4159 2686 4229 epist.
2726 4158 2914 4213 XXXI

448 4247 558 4301 und
593 4246 844 4301 XXXIII.
897 4278 966 4287 —
1014 4249 1259 4314 primum
1295 4288 1307 4301 .
1332 4289 1343 4300 .
1366 4289 1378 4300 .
1419 4247 1639 4318 demde]
1688 4249 1872 4303 fiihren
1923 4249 2007 4302 die
2056 4248 2243 4303 beiden
2294 4246 2506 4303 Griinde
2555 4263 2625 4301 an
2641 4288 2655 4313 ,
2707 4264 2913 4302 warum

451 4335 619 4389 dieser
653 4335 860 4389 Besuch
896 4336 979 4389 fiir
1016 4335 1119 4389 Cic.
1157 4337 1392 4390 wertvoll
1427 4353 1662 4404 gewesen
1701 4339 1790 4391 sei.
1838 4372 1908 4382 —-
1955 4338 2055 4393 hoc
2090 4338 2276 4406 ipsum
2312 4337 2536 4406 quanti]
2577 4337 2718 4404 „wie
2755 4340 2915 4391 wert-
