3146 4826
895 331 1155 387 Ciceronis
1192 332 1447 402 epistulae
1486 331 1709 384 selectae
1745 329 1969 388 XXXIL
2563 327 2666 389 133

213 494 473 557 sollicito
521 493 730 558 animo
778 495 1033 576 praesto
1079 492 1291 566 fuisti;
1357 492 1704 556 sollicitum
1754 495 1969 556 autem
2034 494 2097 556 te
2159 493 2437 557 habebat
2499 494 2665 575 cogi-

210 600 371 663 tatio
415 619 555 663 cum
603 598 817 674 officii,
880 601 1020 662 tum
1071 599 1263 663 etiam
1312 598 1577 681 periculi
1624 599 1783 662 mei:
1849 598 1902 661 si
1954 617 2282 663 manerem
2344 600 2410 662 in
2454 599 2664 676 Italia,

209 706 502 770 verebare
548 724 627 769 ne
677 705 879 769 officio
928 705 1246 778 deessem;
1305 705 1359 768 si
1405 703 1833 787 proficiscerer
1880 703 1959 767 ad
2006 705 2264 782 bellum,
2309 706 2663 786 periculum

211 815 273 875 te
321 831 530 876 meum
577 813 1033 877 commovebat.
1127 811 1265 889 Quo
1313 813 1600 894 tempore
1648 810 1861 875 vidisti
1907 809 2187 892 profecto
2247 829 2349 875 me
2414 830 2663 892 quoque

209 920 302 981 ita
349 919 792 983 conturbatum
812 966 826 995 ,
889 921 964 981 ut
1008 937 1133 982 non
1182 918 1591 1000 explicarem,
1655 916 1806 999 quid
1867 920 2038 981 esset
2097 917 2409 1000 optimum
2470 916 2661 982 factu.

208 1024 501 1088 Pudori
561 1028 830 1089 tamen
892 1025 1148 1088 malui
1205 1024 1630 1105 famaeque
1702 1022 1983 1087 cedere
2055 1042 2288 1105 quam
2359 1023 2664 1087 salutis

207 1149 425 1195 meae
469 1133 876 1194 rationem
923 1130 1236 1195 ducere.

389 1237 578 1302 Cuius
641 1256 744 1301 me
806 1238 933 1301 mei
993 1236 1147 1302 faeti
1206 1238 1525 1319 paenituit
1585 1256 1712 1301 non
1773 1240 1909 1300 tam
1978 1239 2237 1319 propter
2305 1236 2660 1319 periculum
2686 1255 2713 1296 2

207 1363 422 1408 meum
468 1363 662 1425 quam
709 1346 967 1427 propter
1013 1343 1168 1407 vitia
1213 1344 1451 1420 multa,
1500 1362 1664 1425 quae
1711 1343 1799 1407 ibi
1847 1341 2106 1419 offendi,
2156 1361 2280 1423 quo
2326 1361 2661 1407 veneram:

206 1451 480 1531 primum
525 1468 734 1531 neque
780 1469 1048 1532 magnas
1097 1451 1307 1533 copias
1354 1468 1561 1532 neque
1609 1450 1975 1522 bellicosas;
2024 1448 2276 1524 deinde,
2324 1450 2501 1512 extra
2549 1450 2666 1513 du·

209 1575 346 1620 cem
388 1575 749 1639 paucosque
810 1560 1143 1639 praeterea
1193 1593 1274 1603 —-
1324 1557 1403 1620 de
1466 1556 1855 1639 principibus
1920 1556 2143 1636 loquor
2204 1590 2321 1630 —-,
2384 1555 2663 1637 reliquos

205 1663 479 1744 primum
527 1665 591 1727 in
641 1664 778 1746 ipso
826 1664 990 1728 bello
1038 1680 1318 1746 rapaces»,
1367 1662 1594 1727 deinde
1641 1664 1706 1726 in
1754 1663 2036 1726 oratione
2082 1662 2176 1725 ita
2223 1660 2541 1737 crudeles,
2591 1663 2664 1724 ut

203 1770 407 1850 ipsam
454 1769 783 1833 victoriam
827 1770 1184 1842 horrerem;
1232 1769 1582 1833 maximum
1632 1771 1848 1833 autem
1897 1786 2004 1832 aes
2037 1767 2316 1831 alienum
2350 1767 2666 1850 amplissi-

205 1895 450 1940 morum
496 1878 798 1940 virorum.
883 1874 1049 1954 Quid
1098 1875 1399 1956 quaeris?
1446 1875 1662 1938 nihil
1704 1875 1890 1940 boni
1935 1876 2273 1957 praeter
2318 1890 2663 1937 causam.

209 1982 381 2059 Quae
429 2002 575 2046 cum
623 1981 957 2058 vidissem,
1020 1981 1364 2064 desperans
1427 1982 1757 2046 victoriam
1820 1982 2097 2064 primum
2158 1980 2335 2062 coepi
2398 1980 2664 2045 suadere

205 2108 441 2170 pacem,
488 2090 671 2154 cuius
718 2089 966 2153 fueram
1014 2107 1263 2172 semper
1311 2090 1559 2162 auct0r;
1609 2087 1862 2163 deinde,
1909 2106 2057 2151 cum
2105 2087 2184 2150 ab
2231 2104 2308 2150 ea
2348 2087 2666 2150 sententia

206 2195 633 2279 Pompeius
681 2195 864 2260 valde
914 2196 1298 2272 abhorreret,
1347 2194 1614 2259 suadere
1662 2195 1931 2270 institui,
1977 2197 2052 2257 ut
2103 2194 2342 2257 bellum
2384 2192 2664 2257 duceret.

207 2302 343 2366 Hoc
372 2301 698 2367 interdum
739 2303 1047 2385 probabat
1094 2305 1159 2366 et
1204 2302 1269 2365 in
1319 2321 1392 2366 ea
1441 2301 1761 2365 sententia
1794 2300 2128 2365 videbatur
2173 2299 2306 2364 fore
2341 2301 2405 2363 et
2436 2298 2664 2363 fuisset

112 2419 119 2425 ·
208 2408 501 2488 fortasse,
558 2410 682 2473 nisi
731 2408 1009 2491 quadam
1057 2428 1130 2473 ex
1176 2428 1390 2492 pugna
1438 2409 1749 2492 coepisset
1795 2407 1928 2473 suis
1975 2407 2286 2472 militibus
2335 2405 2665 2472 confidere.

208 2517 300 2578 Ex
347 2535 417 2580 eo
464 2520 749 2599 tempore
783 2517 878 2580 vir
924 2516 1030 2579 ille
1079 2534 1373 2579 summus
1414 2516 1632 2579 nullus
1664 2516 2009 2598 imperator
2041 2514 2197 2577 fuit:
2249 2515 2430 2595 signa
2461 2514 2663 2577 tirone

208 2745 318 2798 also
353 2745 471 2798 dem
500 2746 958 2816 Ausgangspunkt
992 2746 1075 2798 fiir
1112 2745 1194 2799 die
1230 2762 1393 2813 ganze
1422 2745 1661 2812 folgende
1687 2745 2025 2812 Eriirterung.
2066 2773 2132 2781 —
2169 2743 2467 2797 sollicitum
2503 2741 2664 2794 habe-

209 2833 326 2900 bat]
364 2834 559 2888 habere
596 2835 698 2888 mit
733 2835 896 2888 einem
935 2833 1273 2902 Adjektivum
1312 2833 1614 2887 bezeichnet
1649 2834 1836 2887 ebenso
1875 2833 1968 2885 wie
2007 2833 2106 2885 mit
2141 2832 2307 2884 einem
2344 2830 2490 2882 Part.
2527 2829 2664 2882 Perf.

209 2922 353 2976 Pass.
393 2923 542 2977 einen
574 2922 873 2976 dauernden
902 2921 1154 2975 Zustand.
1194 2950 1262 2959 —
1304 2920 1503 2990 officii]
1540 2938 1708 2989 gegen
1735 2921 2012 2991 Pompeius
2049 2918 2156 2972 und
2185 2918 2267 2971 die
2296 2916 2664 2982 Aristokratie‚

209 3011 362 3064 deren
403 3011 568 3065 Sache
603 3012 751 3080 jener
787 3014 1004 3065 vertrat.
1046 3039 1111 3050 --
1142 3009 1419 3078 profecto]
1460 3053 1488 3075 „
1503 3009 1837 3063 sicherlich“.

355 3112 401 3153 2.
453 3099 688 3167 offendi]
741 3100 1025 3167 „antraf“.
1100 3099 1151 3153 S.
1202 3116 1267 3152 zu
1316 3099 1470 3168 epist.
1509 3098 1643 3165 XII,
1692 3100 1777 3152 17.
1832 3129 1899 3137 —
1952 3095 2161 3164 copias]
2214 3113 2283 3149 sc.
2331 3093 2557 3159 offendi.
2596 3123 2663 3132 ——

206 3189 270 3240 in
309 3188 584 3255 oratione]
625 3190 722 3254 „in
761 3188 903 3241 ihrer
930 3188 1216 3258 Sprache“‚
1254 3188 1769 3255 gegeniibergestellt
1805 3187 1972 3240 ihrem
2000 3184 2301 3239 Verhalten.
2374 3184 2558 3238 oratio
2593 3183 2667 3235 ist

205 3278 303 3329 wie
337 3276 494 3346 epist.
524 3276 694 3343 XXX,
731 3277 769 3330 4
804 3277 859 3329 in
897 3277 1066 3330 seiner
1105 3276 1540 3346 urspriinglichen
1578 3276 1893 3343 Bedeutung
1928 3276 2008 3328 als
2046 3274 2139 3327 der
2175 3273 2535 3341 allgemeinste
2570 3271 2668 3324 Be·

204 3365 331 3432 griff
362 3365 448 3418 fiir
484 3365 568 3418 die
605 3364 749 3418 Rede
793 3366 1098 3434 gebraucht.
1172 3365 1298 3418 Dies
1350 3366 1490 3433 zeigt
1539 3364 1604 3418 de
1640 3365 1723 3418 off.
1763 3364 1805 3428 I,
1845 3365 1977 3418 132:
2032 3379 2265 3429 „magna
2300 3363 2378 3414 vis
2416 3360 2667 3414 orationis

204 3457 319 3519 est,
370 3471 533 3523 eaque
585 3454 802 3523 duplex,
855 3455 1024 3508 altera
1072 3454 1449 3519 contentionis,
1502 3454 1671 3506 altera
1720 3453 2032 3517 sermonis“,
2083 3451 2190 3504 und
2236 3449 2319 3516 ΙΙ,
2356 3450 2454 3502 48:
2509 3464 2667 3513 „cum

206 3543 400 3611 duplex
436 3543 575 3595 ratio
613 3543 688 3596 sit
714 3543 982 3609 orationis,
1021 3559 1242 3612 quarum
1277 3543 1335 3595 in
1363 3542 1531 3595 altera
1568 3559 1737 3595 sermo
1776 3543 1864 3608 sit,
1903 3542 1957 3594 in
1995 3540 2162 3593 altera
2191 3537 2505 3592 contentio“.
2564 3536 2669 3589 Zur

204 3631 370 3684 Sache
400 3632 504 3698 vgl.
534 3630 688 3701 epist.
718 3630 882 3696 XXV,
913 3633 947 3685 2
975 3649 1025 3686 u.
1053 3633 1104 3686 6.
1147 3661 1210 3669 -
1253 3630 1402 3699 Quid
1439 3631 1663 3698 quaeris
1674 3628 1723 3699 2]
1762 3632 1817 3683 in
1855 3629 1946 3683 der
1972 3625 2460 3696 Umgangssprache
2488 3624 2668 3693 haufig

204 3721 524 3788 gebraucht,
566 3737 650 3772 um
691 3720 899 3773 weitere
935 3720 1321 3788 Erdrterungen
1360 3718 1772 3773 abzuschneiden
1789 3761 1800 3783 ‚
1854 3719 2021 3784 „kurz
2061 3716 2169 3769 und
2203 3719 2327 3783 gut,
2365 3714 2465 3767 mit
2500 3714 2667 3767 einem

204 3809 422 3863 Wort“.
499 3809 568 3862 So
605 3809 739 3861 auch
774 3809 858 3862 bei
894 3809 1021 3863 Hor.
1061 3809 1215 3878 epist.
1253 3809 1297 3872 Ι,
1337 3810 1422 3875 10,
1460 3810 1511 3864 8.
1587 3807 1736 3862 Ohne
1771 3806 1938 3874 Frage
1975 3805 2029 3858 in
2067 3804 2317 3871 gleichem
2356 3802 2513 3856 Sinne
2550 3803 2669 3857 noli

204 3914 469 3966 quaerere
524 3898 679 3967 epist.
736 3896 979 3964 XXXIV,
1035 3899 1086 3952 3.
1128 3928 1194 3935 —
1236 3896 1504 3966 primum]
1563 3897 1661 3963 „in
1716 3898 1886 3949 erster
1938 3893 2146 3960 Linie“‚
2201 3892 2351 3946 nicht
2408 3893 2667 3959 ,‚zuerst“

204 3987 450 4056 (primo).
483 4017 550 4024 —-
589 3987 752 4040 cuius
778 3986 1001 4051 fueram
1027 3986 1245 4054 auctor]
1277 4003 1382 4052 „zu
1410 3985 1525 4038 dem
1555 3985 1639 4038 ich
1669 3987 1805 4037 stets
1832 3986 2050 4051 geraten
2077 3983 2289 4037 hatte“.
2320 4013 2385 4022 --
2425 3980 2670 4050 quadam

204 4090 276 4128 ex
292 4075 517 4144 puyna]
548 4074 742 4142 insolge
770 4075 862 4128 der
887 4074 972 4128 fiir
998 4073 1160 4129 Casar
1187 4074 1542 4143 ungiinstigen
1570 4073 1821 4126 Schlacht
1849 4072 1932 4125 bei
1951 4071 2350 4139 Dyrrhachium.
2382 4100 2447 4107 —
2476 4070 2669 4123 nullus

203 4162 532 4233 imperator]
585 4162 684 4216 Ein
723 4165 1044 4218 verstarktes
1094 4165 1213 4230 („in
1250 4163 1430 4216 keiner
1464 4162 1663 4227 Weise,
1710 4161 1886 4214 nichts
1924 4160 2148 4227 weniger
2183 4160 2328 4223 als“)
2364 4175 2505 4224 non,
2556 4157 2670 4210 eine

205 4253 508 4307 Redeweise
525 4295 538 4318 ,
589 4251 673 4305 die
722 4252 835 4305 eine
884 4252 977 4305 der
1025 4251 1315 4305 familiaren
1353 4250 1580 4321 Sprache
1628 4265 1995 4317 angemessene
2029 4239 2420 4315 Ubertreibung
2464 4247 2519 4299 in
2557 4246 2669 4298 sich

205 4342 465 4396 schliesst.
508 4372 578 4381 —
616 4342 781 4409 sigma
828 4340 1066 4396 contulit
1113 4340 1257 4407 cum]
1310 4341 1466 4406 „eine
1502 4337 1752 4392 Schlacht
1798 4337 2102 4391 anbieten“.
2148 4366 2208 4374 —-
2249 4336 2427 4391 tirone
2472 4339 2526 4388 et
2562 4335 2669 4389 col-
