3146 4826
481 319 562 381 82
1228 322 1487 377 Ciceronis
1524 322 1780 392 epistulae
1817 324 2040 377 selectae
2076 323 2219 377 XVI.

489 484 684 548 etiam
742 483 821 548 de
877 484 1157 567 rapinis?
1225 484 1301 548 de
1357 484 1770 549 libidinibus?
1829 485 1904 549 de
1962 485 2410 549 contumeliis?
2488 484 2674 549 Nunc
2729 487 2930 549 autem

490 590 715 656 domus
761 591 1125 655 mehercule
1171 592 1353 655 nulla
1399 592 1580 654 tanto
1628 592 1886 655 consilio
1945 594 2059 656 aut
2112 593 2297 655 tanta
2343 591 2674 673 disciplina
2721 592 2933 673 guber·

487 699 681 761 natur
738 699 853 761 aut
907 699 1044 761 tam
1099 698 1392 762 modesta
1448 701 1547 761 est
1615 717 1808 779 quam
1862 700 2084 762 nostra
2140 700 2276 761 tota
2330 698 2670 779 provincia.
2768 698 2933 761 Haec

487 823 614 868 non
658 805 820 868 nulli
852 805 1039 869 amici
1071 805 1257 889 Appii
1288 805 1553 869 ridicule
1586 805 2107 888 interpretantur,
2157 806 2267 886 qui
2307 823 2408 868 me
2455 803 2684 868 idcirco
2715 806 2933 887 putent

486 912 645 975 bene
695 911 911 975 audire
959 912 1147 989 velle,
1203 913 1280 975 ut
1332 912 1439 976 ille
1495 913 1665 976 male
1714 911 1958 988 audiat,
2015 914 2081 976 et
2125 913 2295 976 recte
2342 911 2548 975 facere
2594 930 2721 975 non
2766 929 2933 974 meae

487 1018 716 1095 laudiS,
765 1018 874 1081 sed
921 1018 1094 1082 illius
1130 1019 1550 1082 contumeliae
1585 1037 1794 1083 causa.
1875 1017 1985 1082 Sin
2017 1018 2279 1102 Appius,
2326 1020 2402 1080 ut
2440 1018 2630 1080 Bruti
2674 1017 2937 1093 litterae,

487 1142 646 1205 quas
705 1124 786 1188 ad
840 1126 905 1188 te
960 1125 1162 1202 misit,
1218 1125 1686 1206 significabant,
1743 1126 1982 1207 gratias
2038 1126 2218 1189 nobis
2277 1125 2436 1206 agit,
2491 1142 2618 1187 non
2672 1123 2930 1187 moleste

484 1228 643 1307 fero,
714 1229 827 1293 sed
880 1232 1096 1295 tamen
1155 1250 1225 1295 eo
1281 1232 1417 1314 ipso
1476 1232 1602 1309 die,
1675 1250 1798 1312 quo
1867 1233 2025 1297 haec
2091 1234 2238 1296 ante
2305 1232 2514 1295 lucem
2572 1231 2933 1302 scribebam,

486 1336 842 1417 cogitabam
890 1337 1025 1400 eius
1071 1338 1278 1401 multa
1324 1338 1539 1419 inique
1589 1338 1937 1403 constituta
1984 1340 2049 1403 et
2095 1341 2238 1403 acta
2283 1339 2523 1402 tollere.

429 1460 456 1501 s
663 1441 850 1506 Nunc
895 1444 1074 1507 venio
1123 1443 1203 1507 ad
1249 1444 1599 1520 Brutum,
1657 1463 1848 1525 quem
1905 1463 2019 1526 ego
2076 1445 2248 1507 omni
2305 1444 2516 1507 studio
2572 1446 2637 1507 te
2687 1444 2935 1507 auctore

480 1567 629 1613 sum
677 1550 1069 1633 complexuS‚
1128 1569 1317 1631 quem
1376 1551 1571 1614 etiam
1629 1569 1843 1614 amare
1892 1569 2251 1634 coeperam,
2310 1550 2421 1613 sed
2467 1550 2608 1613 ilico
2655 1548 2935 1614 revocavi

478 1673 612 1731 me,
668 1673 747 1718 ne
804 1657 869 1719 te
927 1655 1337 1731 offenderem3
1393 1656 1523 1720 noli
1579 1657 1748 1720 enim
1803 1659 2031 1739 putare
2087 1676 2190 1722 me
2250 1658 2593 1738 quicquam
2637 1656 2936 1720 maluisse

480 1780 706 1842 quam,
775 1765 849 1825 ut
903 1762 1242 1826 mandarat
1293 1763 1377 1852 pis,
1447 1762 1684 1840 facere,
1753 1782 1871 1826 nec
1926 1764 2057 1827 ulla
2122 1762 2198 1826 de
2264 1781 2331 1826 re
2396 1763 2541 1845 plus
2604 1763 2939 1826 laborasse.

479 1867 937 1932 Mandatorum
996 1869 1212 1932 autem
1268 1869 1430 1932 mihi
1483 1870 1772 1933 libellum
1829 1870 2028 1945 dedit,
2093 1869 2421 1951 isdemque
2490 1869 2567 1933 de
2623 1870 2815 1933 rebus
2868 1869 2938 1929 tu

478 1992 734 2038 mecum
792 1993 1028 2056 egeras.
1132 1974 1362 2040 Omnia
1419 1995 1563 2040 sum
1620 1976 2104 2058 diligentissime
2159 1978 2550 2059 persecutus.
2655 1976 2938 2039 Primum

491 2081 569 2144 ab
615 2081 1126 2146 Ariobarzane
1176 2083 1265 2146 sic
1312 2083 1624 2161 contendi,
1671 2085 1747 2146 ut
1793 2084 2052 2160 talenta,
2103 2101 2264 2164 quae
2310 2083 2469 2146 mihi
2508 2083 2939 2167 pollicebatur,

494 2189 588 2252 illi
633 2188 830 2253 daret.
922 2187 1144 2266 Quoad
1190 2207 1445 2252 mecum
1490 2208 1601 2253 rex
1646 2188 1784 2266 fuit,
1830 2191 2105 2272 perbono
2161 2190 2296 2253 loco
2342 2208 2443 2253 res
2493 2191 2657 2263 erat3
2717 2190 2861 2272 post
2903 2205 2941 2249 a

480 2295 766 2377 Pompeii
810 2295 1326 2376 procuratoribus
1384 2296 1689 2359 sescentis
1745 2296 1949 2378 premi
2004 2297 2263 2378 coeptus
2321 2298 2435 2359 est.
2534 2295 2937 2379 Pompeius

477 2558 679 2611 halters
714 2556 920 2628 Appius
958 2559 1159 2613 trieben
1198 2576 1253 2613 es
1291 2559 1423 2614 noch
1462 2560 1773 2614 schlimmer.
1848 2562 1978 2615 Dem
2017 2561 2175 2614 Sinne
2212 2561 2345 2615 nach
2385 2561 2620 2614 derselbe
2658 2552 2941 2629 Ubergang

478 2647 541 2700 (16
577 2647 701 2716 imp.
740 2646 833 2701 Cn.
872 2647 1049 2718 Pomp.
1089 2650 1120 2717 ἓ
1157 2649 1255 2703 29:
1309 2648 1462 2715 „Iam
1499 2666 1618 2703 vero
1655 2650 1843 2703 virtuti
1880 2650 1972 2704 Cn.
2011 2650 2191 2719 Pomp.
2230 2667 2362 2719 quae
2407 2653 2586 2719 potest
2630 2651 2801 2704 oratio
2847 2664 2939 2718 par

475 2736 694 2790 inveniri
710 2735 781 2789 ?“
845 2736 996 2790 Denn
1032 2737 1174 2805 quid
1211 2737 1395 2791 dicam
1432 2735 1541 2792 de?
1577 2738 1767 2791 driickt
1793 2740 1982 2793 ebenso
2012 2739 2095 2792 die
2121 2739 2546 2807 Unmtiglichkeit
2572 2756 2686 2806 aus,
2727 2740 2821 2792 der
2845 2737 2937 2790 Be·

478 2826 714 2893 deutung
764 2825 857 2879 der
906 2825 1068 2879 Sache
1119 2826 1284 2880 durch
1321 2826 1503 2880 Worte
1554 2828 1771 2894 gerecht
1821 2845 1881 2880 zu
1921 2828 2140 2882 werden.
2214 2827 2352 2895 quid
2403 2828 2479 2880 ist
2527 2828 2680 2881 dabei
2728 2826 2939 2895 Objekt,

474 2914 625 2967 nicht
659 2913 994 2968 Adverbium.
1058 2914 1179 2983 Vgl.
1219 2932 1283 2968 zu
1319 2916 1474 2985 epist.
1514 2916 1608 2983 IX,
1649 2918 1698 2970 1.
1738 2947 1803 2955 -
1843 2916 1997 2983 haec]
2039 2916 2220 2983 „diese
2256 2916 2577 2984 geordneten
2607 2915 2935 2971 Zustande“.

476 3002 552 3055 Zu
598 3003 714 3056 dem
761 3002 1222 3073 Sprachgebrauch
1274 3021 1315 3058 s.
1356 3022 1418 3058 zu
1456 3005 1611 3074 epist.
1648 3005 1791 3072 XIV,
1830 3005 1916 3059 15.
1971 3035 2037 3045 -
2089 3006 2216 3059 bene
2374 3006 2512 3058 male
2560 3006 2787 3072 audire]
2839 3005 2935 3071 „in

473 3091 644 3144 einem
679 3091 815 3144 Rufe
852 3091 1096 3145 stehen“.
1150 3122 1217 3131 —
1267 3094 1360 3147 sin
1396 3093 1644 3163 Appius]
1691 3094 1800 3147 Der
1835 3094 2162 3162 notwendige
2200 3091 2494 3161 Gegensatz
2541 3093 2677 3162 liegt
2721 3094 2780 3147 in
2824 3107 2939 3146 non

472 3179 623 3234 nulli
660 3179 827 3233 amici
864 3180 1058 3247 Appii.

622 3281 666 3322 3.
706 3267 944 3335 Brutus]
995 3285 1099 3322 war
1133 3269 1232 3322 mit
1269 3270 1462 3323 seinem
1499 3270 1940 3339 Schwiegervater
1975 3271 2177 3341 Appius
2215 3271 2348 3323 nach
2386 3270 2597 3325 Cilicien
2644 3286 2934 3340 gegangen.

471 3351 582 3410 Auf
629 3356 721 3410 des
758 3355 973 3410 Atticus
1008 3356 1360 3427 Empfehlung
1410 3359 1565 3412 sollte
1616 3360 1728 3413 sich
1777 3359 1880 3413 Cic.
1921 3361 2090 3413 seiner
2126 3359 2801 3427 Vermiigensverhaltnisse
2849 3375 2935 3411 an·

473 3446 721 3512 nehmen,
774 3445 842 3497 da
877 3462 935 3498 er
968 3446 1024 3499 in
1062 3446 1221 3500 Asien
1261 3446 1526 3500 Schulden
1564 3449 1997 3516 zuriickgelassen
2032 3448 2200 3501 hatte.
2275 3447 2379 3502 Cic.
2419 3448 2577 3501 nahm
2614 3448 2730 3500 sich
2769 3448 2941 3501 seiner

472 3535 605 3589 auch
633 3551 690 3588 so
719 3534 842 3587 weit
868 3533 948 3587 als
973 3534 1199 3603 moglich
1227 3552 1311 3601 an,
1348 3535 1474 3588 aber
1501 3535 1708 3590 alsbald
1735 3537 1911 3590 wurde
1937 3554 1995 3590 er
2024 3536 2508 3603 zuriickhaltender,
2549 3553 2635 3589 um
2663 3537 2820 3590 nicht
2846 3536 2939 3589 des

470 3621 683 3676 Atticus
711 3622 1176 3676 Unzufriedenheit
1204 3640 1267 3676 zu
1295 3640 1509 3691 erregen
1545 3624 1700 3691 (ilico
1733 3642 1815 3679 me
1849 3626 2120 3693 revocavi,
2157 3641 2226 3679 ne
2262 3631 2313 3679 tc
2348 3624 2715 3692 offenderem).
2784 3625 2935 3677 Denn

471 3710 641 3763 dieser
676 3711 828 3763 hatte
865 3711 958 3764 ihn
995 3711 1130 3764 noch
1165 3711 1294 3763 kurz
1332 3712 1518 3765 vorher
1553 3713 1641 3780 (ad
1679 3711 1797 3766 Att.
1828 3713 1890 3779 V,
1921 3714 2006 3780 20,
2046 3715 2103 3779 6)
2136 3713 2404 3781 gemahnt,
2443 3714 2581 3767 allen
2617 3714 2936 3781 Lockungen

471 3814 534 3850 zu
571 3797 919 3851 widerstehen
955 3799 1063 3851 und
1098 3799 1220 3852 kein
1249 3798 1446 3854 Gerede
1477 3818 1541 3853 zu
1568 3802 1929 3855 veranlassen:
1968 3806 2034 3855 ut
2069 3802 2232 3855 ctiam
2258 3801 2542 3870 Liywrino
2575 3804 2762 3875 μώμῳ
2798 3800 2941 3855 satis

469 3885 761 3951 faciamus.
827 3886 1028 3939 Brutus
1066 3887 1190 3940 aber
1219 3888 1395 3941 wollte
1430 3889 1523 3943 ihn
1558 3890 1836 3957 benutzen,
1874 3907 1964 3943 um
2002 3891 2142 3944 seine
2169 3891 2320 3944 nicht
2346 3891 2746 3945 einwandfreien
2781 3888 2936 3945 Geld-

469 3974 737 4042 geschafte
762 3991 825 4027 zu
852 3975 1182 4029 beschiitzen.
1248 3976 1315 4031 So
1351 3977 1424 4031 ist
1461 3979 1544 4031 die
1583 3979 1807 4033 libertas
1840 3980 1906 4032 in
1931 3980 2119 4034 Bruto
2153 3982 2204 4049 (ἓ
2231 3980 2266 4033 2
2294 3979 2435 4046 Ans.)
2473 3997 2537 4032 zu
2572 3979 2838 4033 erkliiren.
2870 4007 2937 4018 --·

467 4062 901 4131 Ariobarzwnes]
950 4063 1002 4119 S.
1040 4082 1103 4118 zu
1141 4065 1295 4135 epist.
1332 4066 1473 4133 XIV,
1513 4068 1562 4121 6.
1637 4066 1710 4120 Er
1744 4084 1852 4120 war
1897 4069 2041 4122 einer
2087 4069 2182 4121 der
2229 4067 2519 4122 Schuldner
2568 4067 2660 4122 des
2707 4069 2937 4133 Brutus,

467 4153 593 4206 aber
628 4152 762 4205 auch
798 4152 890 4206 des
917 4153 1094 4223 Pomp.
1134 4170 1229 4207 aus
1266 4154 1359 4207 der
1394 4155 1508 4209 Zeit
1543 4172 1645 4209 von
1681 4155 1865 4209 dessen
1892 4156 2216 4210 Kommando
2251 4173 2416 4225 gegen
2444 4144 2828 4211 Mithradates.
2869 4185 2939 4196 --

458 4241 950 4310 procwratoribus]
990 4242 1391 4309 „Prokuristen,
1429 4241 1945 4311 Geschiiftsfuhrer“,
1987 4245 2121 4298 wohl
2158 4261 2222 4298 211
2249 4245 2651 4299 unterscheiden
2686 4262 2795 4300 von
2835 4245 2940 4299 den

465 4329 656 4383 ebenso
693 4333 994 4399 genannten
1030 4330 1831 4387 Provinzial-Steuerdirektoren
1867 4333 1975 4386 und
2011 4333 2354 4388 kaiserlichen
2381 4335 2636 4389 Beamten
2670 4335 2942 4389 verschie-
