<?xml version="1.0" encoding="UTF-8"?>
<!DOCTYPE html PUBLIC "-//W3C//DTD XHTML 1.0 Transitional//EN"
    "http://www.w3.org/TR/xhtml1/DTD/xhtml1-transitional.dtd">
<html xmlns="http://www.w3.org/1999/xhtml" xml:lang="en" lang="en">
 <head>
  <title>
</title>
<meta http-equiv="Content-Type" content="text/html;charset=utf-8" />
  <meta name='ocr-system' content='tesseract 3.04.00' />
  <meta name='ocr-capabilities' content='ocr_page ocr_carea ocr_par ocr_line ocrx_word'/>
</head>
<body>
  <div class='ocr_page' id='page_1' title='image "./epistulaeselect01dettgoog_0132.png"; bbox 0 0 3146 4826; ppageno 0'>
   <div class='ocr_carea' id='block_1_1' title="bbox 434 1041 458 1081">
    <p class='ocr_par' dir='ltr' id='par_1_1' title="bbox 434 1041 458 1081">
     <span class='ocr_line' id='line_1_1' title="bbox 434 1041 458 1081; baseline 0 0"><span class='ocrx_word' id='word_1_1' title='bbox 434 1041 458 1081; x_wconf 73' lang='lat'>4</span> 
     </span>
    </p>
   </div>
   <div class='ocr_carea' id='block_1_2' title="bbox 487 326 2235 400">
    <p class='ocr_par' dir='ltr' id='par_1_2' title="bbox 487 326 2235 400">
     <span class='ocr_line' id='line_1_2' title="bbox 487 326 2235 400; baseline -0.001 -16"><span class='ocrx_word' id='word_1_2' title='bbox 487 326 593 386; x_wconf 83' lang='lat'><strong>118</strong></span> <span class='ocrx_word' id='word_1_3' title='bbox 1197 329 1455 384; x_wconf 70' lang='lat' dir='ltr'>Ciceronis</span> <span class='ocrx_word' id='word_1_4' title='bbox 1492 331 1750 400; x_wconf 81' lang='lat' dir='ltr'><strong>epistulae</strong></span> <span class='ocrx_word' id='word_1_5' title='bbox 1787 330 2009 385; x_wconf 78' lang='lat' dir='ltr'><strong>selectae</strong></span> <span class='ocrx_word' id='word_1_6' title='bbox 2044 329 2235 384; x_wconf 86' lang='lat' dir='ltr'>XXVI.</span> 
     </span>
    </p>
   </div>
   <div class='ocr_carea' id='block_1_3' title="bbox 485 489 2947 2171">
    <p class='ocr_par' dir='ltr' id='par_1_3' title="bbox 485 489 2943 998">
     <span class='ocr_line' id='line_1_3' title="bbox 489 489 2938 575; baseline 0.001 -22"><span class='ocrx_word' id='word_1_7' title='bbox 489 489 847 574; x_wconf 89' lang='lat' dir='ltr'><strong>dispiceres,</strong></span> <span class='ocrx_word' id='word_1_8' title='bbox 896 489 1064 571; x_wconf 91' lang='lat' dir='ltr'><strong>quod</strong></span> <span class='ocrx_word' id='word_1_9' title='bbox 1107 490 1266 554; x_wconf 90' lang='lat' dir='ltr'><strong>mihi</strong></span> <span class='ocrx_word' id='word_1_10' title='bbox 1296 492 1557 573; x_wconf 86' lang='lat' dir='ltr'><strong>putares</strong></span> <span class='ocrx_word' id='word_1_11' title='bbox 1603 491 1986 568; x_wconf 85' lang='lat' dir='ltr'><strong>faciendum,</strong></span> <span class='ocrx_word' id='word_1_12' title='bbox 2034 510 2135 557; x_wconf 91' lang='lat' dir='ltr'><strong>me</strong></span> <span class='ocrx_word' id='word_1_13' title='bbox 2177 510 2485 556; x_wconf 88' lang='lat' dir='ltr'><strong>moneres.</strong></span> <span class='ocrx_word' id='word_1_14' title='bbox 2564 492 2631 557; x_wconf 86' lang='lat' dir='ltr'><strong>Si</strong></span> <span class='ocrx_word' id='word_1_15' title='bbox 2678 493 2938 575; x_wconf 86' lang='lat' dir='ltr'><strong>recipior</strong></span> 
     </span>
     <span class='ocr_line' id='line_1_4' title="bbox 488 596 2940 680; baseline 0.001 -20"><span class='ocrx_word' id='word_1_16' title='bbox 488 596 567 660; x_wconf 91' lang='lat' dir='ltr'><strong>ab</strong></span> <span class='ocrx_word' id='word_1_17' title='bbox 625 596 725 660; x_wconf 90' lang='lat' dir='ltr'><strong>his</strong></span> <span class='ocrx_word' id='word_1_18' title='bbox 770 632 857 643; x_wconf 92' lang='lat'>—</span> <span class='ocrx_word' id='word_1_19' title='bbox 908 597 1077 678; x_wconf 91' lang='lat' dir='ltr'><strong>quod</strong></span> <span class='ocrx_word' id='word_1_20' title='bbox 1137 597 1313 661; x_wconf 85' lang='lat' dir='ltr'><strong>vides</strong></span> <span class='ocrx_word' id='word_1_21' title='bbox 1373 616 1500 661; x_wconf 93' lang='lat' dir='ltr'><strong>non</strong></span> <span class='ocrx_word' id='word_1_22' title='bbox 1558 597 1697 661; x_wconf 93' lang='lat' dir='ltr'><strong>fieri</strong></span> <span class='ocrx_word' id='word_1_23' title='bbox 1751 632 1864 675; x_wconf 90' lang='lat'><strong>—-,</strong></span> <span class='ocrx_word' id='word_1_24' title='bbox 1925 599 2169 675; x_wconf 90' lang='lat' dir='ltr'><strong>tamen,</strong></span> <span class='ocrx_word' id='word_1_25' title='bbox 2231 598 2439 680; x_wconf 91' lang='lat' dir='ltr'><strong>quoad</strong></span> <span class='ocrx_word' id='word_1_26' title='bbox 2500 599 2738 663; x_wconf 89' lang='lat' dir='ltr'><strong>bellum</strong></span> <span class='ocrx_word' id='word_1_27' title='bbox 2803 600 2940 676; x_wconf 90' lang='lat' dir='ltr'><strong>erit,</strong></span> 
     </span>
     <span class='ocr_line' id='line_1_5' title="bbox 488 702 2943 788; baseline 0.002 -23"><span class='ocrx_word' id='word_1_28' title='bbox 488 702 644 783; x_wconf 89' lang='lat' dir='ltr'><strong>quid</strong></span> <span class='ocrx_word' id='word_1_29' title='bbox 692 721 881 785; x_wconf 86' lang='lat' dir='ltr'><strong>agam</strong></span> <span class='ocrx_word' id='word_1_30' title='bbox 926 706 1041 767; x_wconf 89' lang='lat' dir='ltr'><strong>aut</strong></span> <span class='ocrx_word' id='word_1_31' title='bbox 1086 704 1196 768; x_wconf 89' lang='lat' dir='ltr'><strong>ubi</strong></span> <span class='ocrx_word' id='word_1_32' title='bbox 1242 704 1391 780; x_wconf 91' lang='lat' dir='ltr'><strong>sim,</strong></span> <span class='ocrx_word' id='word_1_33' title='bbox 1446 722 1575 768; x_wconf 93' lang='lat' dir='ltr'><strong>non</strong></span> <span class='ocrx_word' id='word_1_34' title='bbox 1620 704 1895 788; x_wconf 83' lang='lat' dir='ltr'><strong>reperi03</strong></span> <span class='ocrx_word' id='word_1_35' title='bbox 1960 704 2059 767; x_wconf 92' lang='lat' dir='ltr'><strong>sin</strong></span> <span class='ocrx_word' id='word_1_36' title='bbox 2112 704 2339 782; x_wconf 89' lang='lat' dir='ltr'><strong>iactor,</strong></span> <span class='ocrx_word' id='word_1_37' title='bbox 2401 723 2473 769; x_wconf 90' lang='lat' dir='ltr'><strong>eo</strong></span> <span class='ocrx_word' id='word_1_38' title='bbox 2518 705 2759 769; x_wconf 90' lang='lat' dir='ltr'><strong>minus:</strong></span> <span class='ocrx_word' id='word_1_39' title='bbox 2821 706 2943 769; x_wconf 84' lang='lat' dir='ltr'><strong>ita-</strong></span> 
     </span>
     <span class='ocr_line' id='line_1_6' title="bbox 487 810 2941 892; baseline 0.002 -21"><span class='ocrx_word' id='word_1_40' title='bbox 487 827 610 890; x_wconf 90' lang='lat' dir='ltr'><strong>que</strong></span> <span class='ocrx_word' id='word_1_41' title='bbox 681 811 827 874; x_wconf 87' lang='lat' dir='ltr'><strong>tuas</strong></span> <span class='ocrx_word' id='word_1_42' title='bbox 895 810 1145 874; x_wconf 77' lang='lat' dir='ltr'><strong>litteras</strong></span> <span class='ocrx_word' id='word_1_43' title='bbox 1216 812 1508 892; x_wconf 83' lang='lat' dir='ltr'><strong>exspecto</strong></span> <span class='ocrx_word' id='word_1_44' title='bbox 1580 828 1813 892; x_wconf 89' lang='lat' dir='ltr'><strong>easque</strong></span> <span class='ocrx_word' id='word_1_45' title='bbox 1883 812 1958 873; x_wconf 91' lang='lat' dir='ltr'><strong>ut</strong></span> <span class='ocrx_word' id='word_1_46' title='bbox 2028 810 2109 874; x_wconf 89' lang='lat' dir='ltr'><strong>ad</strong></span> <span class='ocrx_word' id='word_1_47' title='bbox 2178 829 2279 875; x_wconf 89' lang='lat' dir='ltr'><strong>me</strong></span> <span class='ocrx_word' id='word_1_48' title='bbox 2350 811 2484 875; x_wconf 91' lang='lat' dir='ltr'><strong>sine</strong></span> <span class='ocrx_word' id='word_1_49' title='bbox 2547 811 2941 876; x_wconf 78' lang='lat' dir='ltr'><strong>dubitatione</strong></span> 
     </span>
     <span class='ocr_line' id='line_1_7' title="bbox 485 916 1937 998; baseline -0.001 -19"><span class='ocrx_word' id='word_1_50' title='bbox 485 916 725 980; x_wconf 89' lang='lat' dir='ltr'><strong>scribas</strong></span> <span class='ocrx_word' id='word_1_51' title='bbox 773 934 941 998; x_wconf 86' lang='lat' dir='ltr'><strong>rogo.</strong></span> <span class='ocrx_word' id='word_1_52' title='bbox 1933 973 1937 978; x_wconf 80' lang='grc'>,</span> 
     </span>
    </p>

    <p class='ocr_par' dir='ltr' id='par_1_4' title="bbox 485 1019 2947 1853">
     <span class='ocr_line' id='line_1_8' title="bbox 664 1019 2942 1101; baseline 0 -15"><span class='ocrx_word' id='word_1_53' title='bbox 664 1019 846 1100; x_wconf 81' lang='lat' dir='ltr'><strong>Quod</strong></span> <span class='ocrx_word' id='word_1_54' title='bbox 881 1023 1129 1099; x_wconf 80' lang='lat' dir='ltr'><strong>suadeS,</strong></span> <span class='ocrx_word' id='word_1_55' title='bbox 1176 1024 1251 1086; x_wconf 94' lang='lat' dir='ltr'><strong>ut</strong></span> <span class='ocrx_word' id='word_1_56' title='bbox 1284 1021 1372 1086; x_wconf 89' lang='lat' dir='ltr'><strong>ad</strong></span> <span class='ocrx_word' id='word_1_57' title='bbox 1406 1021 1773 1101; x_wconf 84' lang='lat' dir='ltr'><strong>Quintum</strong></span> <span class='ocrx_word' id='word_1_58' title='bbox 1806 1025 2078 1089; x_wconf 89' lang='lat' dir='ltr'><strong>scribam</strong></span> <span class='ocrx_word' id='word_1_59' title='bbox 2111 1025 2187 1090; x_wconf 92' lang='lat' dir='ltr'><strong>de</strong></span> <span class='ocrx_word' id='word_1_60' title='bbox 2220 1025 2319 1091; x_wconf 90' lang='lat' dir='ltr'><strong>his</strong></span> <span class='ocrx_word' id='word_1_61' title='bbox 2351 1025 2601 1101; x_wconf 81' lang='lat' dir='ltr'><strong>litteris,</strong></span> <span class='ocrx_word' id='word_1_62' title='bbox 2647 1023 2942 1098; x_wconf 86' lang='lat' dir='ltr'><strong>facerem,</strong></span> 
     </span>
     <span class='ocr_line' id='line_1_9' title="bbox 486 1127 2947 1213; baseline 0 -22"><span class='ocrx_word' id='word_1_63' title='bbox 486 1127 541 1191; x_wconf 90' lang='lat' dir='ltr'><strong>si</strong></span> <span class='ocrx_word' id='word_1_64' title='bbox 597 1146 699 1192; x_wconf 91' lang='lat' dir='ltr'><strong>me</strong></span> <span class='ocrx_word' id='word_1_65' title='bbox 757 1128 1102 1210; x_wconf 90' lang='lat' dir='ltr'><strong>quicquam</strong></span> <span class='ocrx_word' id='word_1_66' title='bbox 1155 1128 1317 1193; x_wconf 92' lang='lat' dir='ltr'><strong>istae</strong></span> <span class='ocrx_word' id='word_1_67' title='bbox 1373 1130 1628 1196; x_wconf 78' lang='lat' dir='ltr'><strong>litterae</strong></span> <span class='ocrx_word' id='word_1_68' title='bbox 1685 1130 2106 1206; x_wconf 89' lang='lat' dir='ltr'><strong>delectarent;</strong></span> <span class='ocrx_word' id='word_1_69' title='bbox 2173 1132 2295 1196; x_wconf 91' lang='lat' dir='ltr'><strong>etsi</strong></span> <span class='ocrx_word' id='word_1_70' title='bbox 2360 1131 2620 1213; x_wconf 88' lang='lat' dir='ltr'><strong>quidam</strong></span> <span class='ocrx_word' id='word_1_71' title='bbox 2686 1129 2947 1212; x_wconf 84' lang='lat' dir='ltr'><strong>scripsit</strong></span> 
     </span>
     <span class='ocr_line' id='line_1_10' title="bbox 488 1233 2944 1317; baseline 0.001 -20"><span class='ocrx_word' id='word_1_72' title='bbox 488 1233 569 1297; x_wconf 96' lang='lat' dir='ltr'><strong>ad</strong></span> <span class='ocrx_word' id='word_1_73' title='bbox 613 1252 717 1298; x_wconf 89' lang='lat' dir='ltr'><strong>me</strong></span> <span class='ocrx_word' id='word_1_74' title='bbox 764 1234 864 1297; x_wconf 90' lang='lat' dir='ltr'><strong>his</strong></span> <span class='ocrx_word' id='word_1_75' title='bbox 911 1234 1151 1299; x_wconf 85' lang='lat' dir='ltr'><strong>verbis:</strong></span> <span class='ocrx_word' id='word_1_76' title='bbox 1200 1253 1377 1317; x_wconf 84' lang='lat' dir='ltr'><strong>„ego,</strong></span> <span class='ocrx_word' id='word_1_77' title='bbox 1426 1238 1500 1299; x_wconf 92' lang='lat' dir='ltr'><strong>ut</strong></span> <span class='ocrx_word' id='word_1_78' title='bbox 1545 1236 1635 1299; x_wconf 81' lang='lat' dir='ltr'><strong>in-</strong></span> <span class='ocrx_word' id='word_1_79' title='bbox 1659 1237 1758 1301; x_wconf 88' lang='lat' dir='ltr'><strong>his</strong></span> <span class='ocrx_word' id='word_1_80' title='bbox 1791 1238 1997 1315; x_wconf 90' lang='lat' dir='ltr'><strong>malis,</strong></span> <span class='ocrx_word' id='word_1_81' title='bbox 2043 1237 2255 1303; x_wconf 89' lang='lat' dir='ltr'><strong>Patris</strong></span> <span class='ocrx_word' id='word_1_82' title='bbox 2304 1257 2453 1303; x_wconf 91' lang='lat' dir='ltr'><strong>sum</strong></span> <span class='ocrx_word' id='word_1_83' title='bbox 2496 1257 2622 1302; x_wconf 93' lang='lat' dir='ltr'><strong>non</strong></span> <span class='ocrx_word' id='word_1_84' title='bbox 2669 1236 2944 1309; x_wconf 87' lang='lat' dir='ltr'><strong>invitus;</strong></span> 
     </span>
     <span class='ocr_line' id='line_1_11' title="bbox 487 1341 2946 1427; baseline 0.002 -24"><span class='ocrx_word' id='word_1_85' title='bbox 487 1358 696 1405; x_wconf 90' lang='lat' dir='ltr'><strong>essem</strong></span> <span class='ocrx_word' id='word_1_86' title='bbox 750 1341 1077 1418; x_wconf 91' lang='lat' dir='ltr'><strong>libentius,</strong></span> <span class='ocrx_word' id='word_1_87' title='bbox 1149 1342 1203 1405; x_wconf 91' lang='lat' dir='ltr'><strong>si</strong></span> <span class='ocrx_word' id='word_1_88' title='bbox 1257 1341 1455 1406; x_wconf 90' lang='lat' dir='ltr'><strong>frater</strong></span> <span class='ocrx_word' id='word_1_89' title='bbox 1508 1344 1665 1407; x_wconf 90' lang='lat' dir='ltr'><strong>tuus</strong></span> <span class='ocrx_word' id='word_1_90' title='bbox 1721 1362 1795 1408; x_wconf 89' lang='lat' dir='ltr'><strong>ea</strong></span> <span class='ocrx_word' id='word_1_91' title='bbox 1859 1345 1936 1409; x_wconf 91' lang='lat' dir='ltr'><strong>de</strong></span> <span class='ocrx_word' id='word_1_92' title='bbox 2002 1347 2065 1410; x_wconf 91' lang='lat' dir='ltr'><strong>te</strong></span> <span class='ocrx_word' id='word_1_93' title='bbox 2128 1346 2532 1427; x_wconf 90' lang='lat' dir='ltr'><strong>loqueretur,</strong></span> <span class='ocrx_word' id='word_1_94' title='bbox 2604 1361 2770 1425; x_wconf 90' lang='lat' dir='ltr'><strong>quae</strong></span> <span class='ocrx_word' id='word_1_95' title='bbox 2829 1361 2946 1425; x_wconf 84' lang='lat' dir='ltr'><strong>ego</strong></span> 
     </span>
     <span class='ocr_line' id='line_1_12' title="bbox 487 1446 2946 1526; baseline 0.001 -17"><span class='ocrx_word' id='word_1_96' title='bbox 487 1446 704 1511; x_wconf 89' lang='lat' dir='ltr'><strong>audire</strong></span> <span class='ocrx_word' id='word_1_97' title='bbox 760 1447 1043 1512; x_wconf 85' lang='lat' dir='ltr'><strong>vellem.“</strong></span> <span class='ocrx_word' id='word_1_98' title='bbox 1145 1446 1327 1526; x_wconf 83' lang='lat' dir='ltr'><strong>Quod</strong></span> <span class='ocrx_word' id='word_1_99' title='bbox 1392 1449 1486 1513; x_wconf 88' lang='lat' dir='ltr'><strong>ais</strong></span> <span class='ocrx_word' id='word_1_100' title='bbox 1549 1449 1736 1513; x_wconf 87' lang='lat' dir='ltr'><strong>illum</strong></span> <span class='ocrx_word' id='word_1_101' title='bbox 1801 1450 1881 1514; x_wconf 92' lang='lat' dir='ltr'><strong>ad</strong></span> <span class='ocrx_word' id='word_1_102' title='bbox 1935 1454 2001 1515; x_wconf 93' lang='lat' dir='ltr'><strong>te</strong></span> <span class='ocrx_word' id='word_1_103' title='bbox 2059 1452 2330 1516; x_wconf 89' lang='lat' dir='ltr'><strong>scribere</strong></span> <span class='ocrx_word' id='word_1_104' title='bbox 2385 1469 2488 1515; x_wconf 93' lang='lat' dir='ltr'><strong>me</strong></span> <span class='ocrx_word' id='word_1_105' title='bbox 2545 1450 2667 1514; x_wconf 90' lang='lat' dir='ltr'><strong>sibi</strong></span> <span class='ocrx_word' id='word_1_106' title='bbox 2728 1450 2946 1513; x_wconf 87' lang='lat' dir='ltr'><strong>nullas</strong></span> 
     </span>
     <span class='ocr_line' id='line_1_13' title="bbox 485 1553 2946 1641; baseline 0.002 -25"><span class='ocrx_word' id='word_1_107' title='bbox 485 1553 734 1618; x_wconf 85' lang='lat' dir='ltr'><strong>litteras</strong></span> <span class='ocrx_word' id='word_1_108' title='bbox 780 1554 1134 1631; x_wconf 86' lang='lat' dir='ltr'><strong>remittere,</strong></span> <span class='ocrx_word' id='word_1_109' title='bbox 1191 1556 1386 1620; x_wconf 89' lang='lat' dir='ltr'><strong>semel</strong></span> <span class='ocrx_word' id='word_1_110' title='bbox 1443 1556 1522 1619; x_wconf 91' lang='lat' dir='ltr'><strong>ab</strong></span> <span class='ocrx_word' id='word_1_111' title='bbox 1578 1556 1714 1638; x_wconf 91' lang='lat' dir='ltr'><strong>ipso</strong></span> <span class='ocrx_word' id='word_1_112' title='bbox 1771 1557 2012 1639; x_wconf 89' lang='lat' dir='ltr'><strong>accepi;</strong></span> <span class='ocrx_word' id='word_1_113' title='bbox 2070 1558 2150 1621; x_wconf 88' lang='lat' dir='ltr'><strong>ad</strong></span> <span class='ocrx_word' id='word_1_114' title='bbox 2206 1577 2314 1623; x_wconf 88' lang='lat' dir='ltr'><strong>eas</strong></span> <span class='ocrx_word' id='word_1_115' title='bbox 2362 1557 2734 1641; x_wconf 84' lang='lat' dir='ltr'><strong>Cephalioni</strong></span> <span class='ocrx_word' id='word_1_116' title='bbox 2780 1556 2946 1632; x_wconf 89' lang='lat' dir='ltr'><strong>dedi,</strong></span> 
     </span>
     <span class='ocr_line' id='line_1_14' title="bbox 486 1660 2947 1745; baseline 0.002 -22"><span class='ocrx_word' id='word_1_117' title='bbox 486 1660 597 1741; x_wconf 90' lang='lat' dir='ltr'><strong>qui</strong></span> <span class='ocrx_word' id='word_1_118' title='bbox 652 1660 890 1724; x_wconf 83' lang='lat' dir='ltr'><strong>multos</strong></span> <span class='ocrx_word' id='word_1_119' title='bbox 946 1679 1198 1725; x_wconf 90' lang='lat' dir='ltr'><strong>menses</strong></span> <span class='ocrx_word' id='word_1_120' title='bbox 1254 1662 1749 1745; x_wconf 81' lang='lat' dir='ltr'><strong>tempestatibus</strong></span> <span class='ocrx_word' id='word_1_121' title='bbox 1803 1665 2095 1728; x_wconf 90' lang='lat' dir='ltr'><strong>retentus</strong></span> <span class='ocrx_word' id='word_1_122' title='bbox 2153 1666 2268 1729; x_wconf 88' lang='lat' dir='ltr'><strong>est.</strong></span> <span class='ocrx_word' id='word_1_123' title='bbox 2369 1662 2682 1742; x_wconf 84' lang='lat' dir='ltr'><strong>Quintum</strong></span> <span class='ocrx_word' id='word_1_124' title='bbox 2738 1663 2947 1727; x_wconf 91' lang='lat' dir='ltr'><strong>filium</strong></span> 
     </span>
     <span class='ocr_line' id='line_1_15' title="bbox 488 1765 2443 1853; baseline 0.002 -24"><span class='ocrx_word' id='word_1_125' title='bbox 488 1765 566 1829; x_wconf 93' lang='lat' dir='ltr'><strong>ad</strong></span> <span class='ocrx_word' id='word_1_126' title='bbox 614 1785 716 1830; x_wconf 90' lang='lat' dir='ltr'><strong>me</strong></span> <span class='ocrx_word' id='word_1_127' title='bbox 765 1766 1166 1831; x_wconf 78' lang='lat' dir='ltr'><strong>acerbissime</strong></span> <span class='ocrx_word' id='word_1_128' title='bbox 1215 1768 1541 1851; x_wconf 75' lang='lat' dir='ltr'><strong>scripsisse</strong></span> <span class='ocrx_word' id='word_1_129' title='bbox 1590 1768 1719 1832; x_wconf 91' lang='lat' dir='ltr'><strong>iam</strong></span> <span class='ocrx_word' id='word_1_130' title='bbox 1767 1771 1914 1833; x_wconf 92' lang='lat' dir='ltr'><strong>ante</strong></span> <span class='ocrx_word' id='word_1_131' title='bbox 1963 1769 2044 1834; x_wconf 96' lang='lat' dir='ltr'><strong>ad</strong></span> <span class='ocrx_word' id='word_1_132' title='bbox 2090 1772 2155 1834; x_wconf 93' lang='lat' dir='ltr'><strong>te</strong></span> <span class='ocrx_word' id='word_1_133' title='bbox 2204 1770 2443 1853; x_wconf 89' lang='lat' dir='ltr'><strong>scripsi.</strong></span> 
     </span>
    </p>

    <p class='ocr_par' dir='ltr' id='par_1_5' title="bbox 487 1873 2945 2171">
     <span class='ocr_line' id='line_1_16' title="bbox 661 1873 2944 1959; baseline 0.001 -22"><span class='ocrx_word' id='word_1_134' title='bbox 661 1873 1039 1938; x_wconf 82' lang='lat' dir='ltr'><strong>Extremum</strong></span> <span class='ocrx_word' id='word_1_135' title='bbox 1086 1876 1207 1951; x_wconf 90' lang='lat' dir='ltr'><strong>est,</strong></span> <span class='ocrx_word' id='word_1_136' title='bbox 1266 1875 1436 1956; x_wconf 91' lang='lat' dir='ltr'><strong>quod</strong></span> <span class='ocrx_word' id='word_1_137' title='bbox 1481 1877 1546 1939; x_wconf 90' lang='lat' dir='ltr'><strong>te</strong></span> <span class='ocrx_word' id='word_1_138' title='bbox 1595 1893 1795 1953; x_wconf 88' lang='lat' dir='ltr'><strong>orem,</strong></span> <span class='ocrx_word' id='word_1_139' title='bbox 1853 1877 1908 1939; x_wconf 91' lang='lat' dir='ltr'><strong>si</strong></span> <span class='ocrx_word' id='word_1_140' title='bbox 1951 1879 2142 1959; x_wconf 89' lang='lat' dir='ltr'><strong>putas</strong></span> <span class='ocrx_word' id='word_1_141' title='bbox 2198 1879 2447 1941; x_wconf 89' lang='lat' dir='ltr'><strong>rectum</strong></span> <span class='ocrx_word' id='word_1_142' title='bbox 2493 1894 2630 1940; x_wconf 91' lang='lat' dir='ltr'><strong>esse</strong></span> <span class='ocrx_word' id='word_1_143' title='bbox 2679 1878 2745 1940; x_wconf 89' lang='lat' dir='ltr'><strong>et</strong></span> <span class='ocrx_word' id='word_1_144' title='bbox 2793 1894 2834 1940; x_wconf 87' lang='lat' dir='ltr'><strong>a</strong></span> <span class='ocrx_word' id='word_1_145' title='bbox 2880 1879 2944 1939; x_wconf 92' lang='lat' dir='ltr'><strong>te</strong></span> 
     </span>
     <span class='ocr_line' id='line_1_17' title="bbox 488 1979 2945 2063; baseline 0.001 -21"><span class='ocrx_word' id='word_1_146' title='bbox 488 1979 722 2063; x_wconf 91' lang='lat' dir='ltr'><strong>suscipi</strong></span> <span class='ocrx_word' id='word_1_147' title='bbox 766 1998 970 2062; x_wconf 91' lang='lat' dir='ltr'><strong>posse,</strong></span> <span class='ocrx_word' id='word_1_148' title='bbox 1019 1999 1165 2045; x_wconf 89' lang='lat' dir='ltr'><strong>cum</strong></span> <span class='ocrx_word' id='word_1_149' title='bbox 1211 1980 1480 2046; x_wconf 86' lang='lat' dir='ltr'><strong>Camillo</strong></span> <span class='ocrx_word' id='word_1_150' title='bbox 1528 1982 1983 2059; x_wconf 87' lang='lat' dir='ltr'><strong>communices,</strong></span> <span class='ocrx_word' id='word_1_151' title='bbox 2032 1984 2106 2046; x_wconf 91' lang='lat' dir='ltr'><strong>ut</strong></span> <span class='ocrx_word' id='word_1_152' title='bbox 2150 1982 2580 2047; x_wconf 85' lang='lat' dir='ltr'><strong>Terentiam</strong></span> <span class='ocrx_word' id='word_1_153' title='bbox 2626 1983 2945 2045; x_wconf 90' lang='lat' dir='ltr'><strong>moneatis</strong></span> 
     </span>
     <span class='ocr_line' id='line_1_18' title="bbox 487 2084 2944 2171; baseline 0.001 -23"><span class='ocrx_word' id='word_1_154' title='bbox 487 2084 564 2149; x_wconf 90' lang='lat' dir='ltr'><strong>de</strong></span> <span class='ocrx_word' id='word_1_155' title='bbox 611 2087 1028 2150; x_wconf 88' lang='lat' dir='ltr'><strong>testamento:</strong></span> <span class='ocrx_word' id='word_1_156' title='bbox 1078 2089 1367 2171; x_wconf 89' lang='lat' dir='ltr'><strong>tempora</strong></span> <span class='ocrx_word' id='word_1_157' title='bbox 1411 2090 1693 2165; x_wconf 88' lang='lat' dir='ltr'><strong>monent,</strong></span> <span class='ocrx_word' id='word_1_158' title='bbox 1741 2092 1817 2152; x_wconf 91' lang='lat' dir='ltr'><strong>ut</strong></span> <span class='ocrx_word' id='word_1_159' title='bbox 1864 2089 2093 2165; x_wconf 88' lang='lat' dir='ltr'><strong>videat,</strong></span> <span class='ocrx_word' id='word_1_160' title='bbox 2141 2091 2216 2153; x_wconf 88' lang='lat' dir='ltr'><strong>ut</strong></span> <span class='ocrx_word' id='word_1_161' title='bbox 2262 2089 2419 2152; x_wconf 89' lang='lat' dir='ltr'><strong>satis</strong></span> <span class='ocrx_word' id='word_1_162' title='bbox 2465 2087 2661 2152; x_wconf 88' lang='lat' dir='ltr'><strong>faciat</strong></span> <span class='ocrx_word' id='word_1_163' title='bbox 2710 2089 2944 2169; x_wconf 90' lang='lat' dir='ltr'><strong>quibus</strong></span> 
     </span>
    </p>
   </div>
   <div class='ocr_carea' id='block_1_4' title="bbox 486 2190 2972 2301">
    <p class='ocr_par' dir='ltr' id='par_1_6' title="bbox 486 2190 2972 2301">
     <span class='ocr_line' id='line_1_19' title="bbox 486 2190 2972 2301; baseline 0.001 -47"><span class='ocrx_word' id='word_1_164' title='bbox 486 2190 690 2256; x_wconf 88' lang='lat' dir='ltr'><strong>debet.</strong></span> <span class='ocrx_word' id='word_1_165' title='bbox 779 2192 1093 2257; x_wconf 86' lang='lat' dir='ltr'><strong>Auditum</strong></span> <span class='ocrx_word' id='word_1_166' title='bbox 1140 2212 1215 2258; x_wconf 85' lang='lat' dir='ltr'><strong>ex</strong></span> <span class='ocrx_word' id='word_1_167' title='bbox 1259 2193 1601 2258; x_wconf 89' lang='lat' dir='ltr'><strong>Philotimo</strong></span> <span class='ocrx_word' id='word_1_168' title='bbox 1650 2198 1750 2259; x_wconf 90' lang='lat' dir='ltr'><strong>est</strong></span> <span class='ocrx_word' id='word_1_169' title='bbox 1796 2214 1938 2259; x_wconf 89' lang='lat' dir='ltr'><strong>eam</strong></span> <span class='ocrx_word' id='word_1_170' title='bbox 1986 2197 2293 2261; x_wconf 85' lang='lat' dir='ltr'><strong>scelerate</strong></span> <span class='ocrx_word' id='word_1_171' title='bbox 2343 2194 2657 2276; x_wconf 88' lang='lat' dir='ltr'><strong>quaedam</strong></span> <span class='ocrx_word' id='word_1_172' title='bbox 2703 2194 2972 2301; x_wconf 43' lang='lat' dir='ltr'><strong>faeereg-</strong></span> 
     </span>
    </p>
   </div>
   <div class='ocr_carea' id='block_1_5' title="bbox 486 2297 2946 2595">
    <p class='ocr_par' dir='ltr' id='par_1_7' title="bbox 486 2297 2946 2595">
     <span class='ocr_line' id='line_1_20' title="bbox 486 2297 2946 2384; baseline 0.001 -23"><span class='ocrx_word' id='word_1_173' title='bbox 486 2297 780 2362; x_wconf 88' lang='lat' dir='ltr'><strong>credibile</strong></span> <span class='ocrx_word' id='word_1_174' title='bbox 828 2300 931 2362; x_wconf 83' lang='lat' dir='ltr'><strong>vix</strong></span> <span class='ocrx_word' id='word_1_175' title='bbox 980 2303 1095 2376; x_wconf 90' lang='lat' dir='ltr'><strong>est,</strong></span> <span class='ocrx_word' id='word_1_176' title='bbox 1144 2301 1251 2364; x_wconf 90' lang='lat' dir='ltr'><strong>sed</strong></span> <span class='ocrx_word' id='word_1_177' title='bbox 1303 2303 1501 2379; x_wconf 88' lang='lat' dir='ltr'><strong>certe,</strong></span> <span class='ocrx_word' id='word_1_178' title='bbox 1566 2302 1620 2365; x_wconf 91' lang='lat' dir='ltr'><strong>si</strong></span> <span class='ocrx_word' id='word_1_179' title='bbox 1669 2303 1820 2383; x_wconf 91' lang='lat' dir='ltr'><strong>quid</strong></span> <span class='ocrx_word' id='word_1_180' title='bbox 1869 2306 1995 2379; x_wconf 89' lang='lat' dir='ltr'><strong>est,</strong></span> <span class='ocrx_word' id='word_1_181' title='bbox 2053 2302 2222 2384; x_wconf 89' lang='lat' dir='ltr'><strong>quod</strong></span> <span class='ocrx_word' id='word_1_182' title='bbox 2268 2302 2404 2366; x_wconf 89' lang='lat' dir='ltr'><strong>fieri</strong></span> <span class='ocrx_word' id='word_1_183' title='bbox 2449 2301 2677 2384; x_wconf 89' lang='lat' dir='ltr'><strong>possit,</strong></span> <span class='ocrx_word' id='word_1_184' title='bbox 2737 2301 2946 2383; x_wconf 60' lang='lat' dir='ltr'><strong>provi-</strong></span> 
     </span>
     <span class='ocr_line' id='line_1_21' title="bbox 487 2403 929 2471; baseline 0 -3"><span class='ocrx_word' id='word_1_185' title='bbox 487 2403 765 2471; x_wconf 91' lang='lat' dir='ltr'><strong>dendum</strong></span> <span class='ocrx_word' id='word_1_186' title='bbox 814 2407 929 2469; x_wconf 89' lang='lat' dir='ltr'><strong>est.</strong></span> 
     </span>
     <span class='ocr_line' id='line_1_22' title="bbox 663 2511 2943 2595; baseline 0 -20"><span class='ocrx_word' id='word_1_187' title='bbox 663 2511 758 2575; x_wconf 92' lang='lat' dir='ltr'><strong>De</strong></span> <span class='ocrx_word' id='word_1_188' title='bbox 815 2512 1108 2576; x_wconf 89' lang='lat' dir='ltr'><strong>omnibus</strong></span> <span class='ocrx_word' id='word_1_189' title='bbox 1173 2514 1360 2579; x_wconf 88' lang='lat' dir='ltr'><strong>rebus</strong></span> <span class='ocrx_word' id='word_1_190' title='bbox 1417 2515 1611 2578; x_wconf 87' lang='lat' dir='ltr'><strong>velim</strong></span> <span class='ocrx_word' id='word_1_191' title='bbox 1676 2516 1754 2579; x_wconf 93' lang='lat' dir='ltr'><strong>ad</strong></span> <span class='ocrx_word' id='word_1_192' title='bbox 1818 2534 1919 2580; x_wconf 91' lang='lat' dir='ltr'><strong>me</strong></span> <span class='ocrx_word' id='word_1_193' title='bbox 1985 2517 2249 2592; x_wconf 81' lang='lat' dir='ltr'><strong>scribaS‚</strong></span> <span class='ocrx_word' id='word_1_194' title='bbox 2317 2519 2382 2580; x_wconf 91' lang='lat' dir='ltr'><strong>et</strong></span> <span class='ocrx_word' id='word_1_195' title='bbox 2446 2515 2721 2578; x_wconf 85' lang='lat' dir='ltr'><strong>maxime</strong></span> <span class='ocrx_word' id='word_1_196' title='bbox 2791 2515 2943 2595; x_wconf 89' lang='lat' dir='ltr'><strong>quid</strong></span> 
     </span>
    </p>
   </div>
   <div class='ocr_carea' id='block_1_6' title="bbox 484 2742 2949 4407">
    <p class='ocr_par' dir='ltr' id='par_1_8' title="bbox 486 2742 2942 3076">
     <span class='ocr_line' id='line_1_23' title="bbox 632 2742 2942 2815; baseline -0 -19"><span class='ocrx_word' id='word_1_197' title='bbox 632 2754 677 2796; x_wconf 84' lang='grc'><strong>3.</strong></span> <span class='ocrx_word' id='word_1_198' title='bbox 718 2742 1015 2812; x_wconf 75' lang='lat' dir='ltr'><strong>dispiceres</strong></span> <span class='ocrx_word' id='word_1_199' title='bbox 1052 2782 1064 2795; x_wconf 89' lang='lat'><strong>.</strong></span> <span class='ocrx_word' id='word_1_200' title='bbox 1086 2784 1097 2795; x_wconf 88' lang='lat'><strong>.</strong></span> <span class='ocrx_word' id='word_1_201' title='bbox 1121 2783 1132 2795; x_wconf 93' lang='lat'><strong>.</strong></span> <span class='ocrx_word' id='word_1_202' title='bbox 1162 2748 1397 2811; x_wconf 71' lang='lat' dir='ltr'><strong>putares</strong></span> <span class='ocrx_word' id='word_1_203' title='bbox 1434 2785 1446 2797; x_wconf 92' lang='lat'><strong>.</strong></span> <span class='ocrx_word' id='word_1_204' title='bbox 1468 2786 1479 2797; x_wconf 91' lang='lat'><strong>.</strong></span> <span class='ocrx_word' id='word_1_205' title='bbox 1503 2785 1514 2797; x_wconf 92' lang='lat'><em>.</em></span> <span class='ocrx_word' id='word_1_206' title='bbox 1552 2744 1814 2811; x_wconf 77' lang='lat' dir='ltr'><strong>moneres]</strong></span> <span class='ocrx_word' id='word_1_207' title='bbox 1852 2744 1961 2797; x_wconf 86' lang='lat' dir='ltr'><strong>Das</strong></span> <span class='ocrx_word' id='word_1_208' title='bbox 1997 2744 2221 2815; x_wconf 86' lang='lat' dir='ltr'><strong>Tempus</strong></span> <span class='ocrx_word' id='word_1_209' title='bbox 2269 2744 2466 2797; x_wconf 88' lang='lat' dir='ltr'><strong>richtet</strong></span> <span class='ocrx_word' id='word_1_210' title='bbox 2504 2743 2615 2796; x_wconf 89' lang='lat' dir='ltr'><strong>sich</strong></span> <span class='ocrx_word' id='word_1_211' title='bbox 2653 2744 2790 2796; x_wconf 88' lang='lat' dir='ltr'><strong>nach</strong></span> <span class='ocrx_word' id='word_1_212' title='bbox 2827 2743 2942 2796; x_wconf 90' lang='lat' dir='ltr'><strong>dem</strong></span> 
     </span>
     <span class='ocr_line' id='line_1_24' title="bbox 486 2831 2942 2901; baseline 0 -17"><span class='ocrx_word' id='word_1_213' title='bbox 486 2848 550 2884; x_wconf 84' lang='lat' dir='ltr'><strong>zu</strong></span> <span class='ocrx_word' id='word_1_214' title='bbox 585 2832 967 2900; x_wconf 55' lang='lat' dir='ltr'><strong>superioribus</strong></span> <span class='ocrx_word' id='word_1_215' title='bbox 1003 2831 1203 2887; x_wconf 79' lang='lat' dir='ltr'><strong>litteris</strong></span> <span class='ocrx_word' id='word_1_216' title='bbox 1241 2849 1302 2886; x_wconf 88' lang='lat' dir='ltr'><strong>zu</strong></span> <span class='ocrx_word' id='word_1_217' title='bbox 1330 2832 1691 2900; x_wconf 70' lang='lat' dir='ltr'><strong>erganzenden</strong></span> <span class='ocrx_word' id='word_1_218' title='bbox 1717 2833 1944 2901; x_wconf 51' lang='lat' dir='ltr'><strong>scripsst</strong></span> <span class='ocrx_word' id='word_1_219' title='bbox 1984 2833 2251 2901; x_wconf 78' lang='lat' dir='ltr'><strong>dispicere</strong></span> <span class='ocrx_word' id='word_1_220' title='bbox 2278 2856 2348 2876; x_wconf 89' lang='lat'><em>=</em></span> <span class='ocrx_word' id='word_1_221' title='bbox 2377 2833 2724 2886; x_wconf 78' lang='grc' dir='ltr'><strong><em>διασκοπεῖν.</em></strong></span> <span class='ocrx_word' id='word_1_222' title='bbox 2762 2861 2837 2870; x_wconf 95' lang='grc'>-</span> <span class='ocrx_word' id='word_1_223' title='bbox 2872 2832 2942 2885; x_wconf 83' lang='lat' dir='ltr'><strong>ab</strong></span> 
     </span>
     <span class='ocr_line' id='line_1_25' title="bbox 486 2920 2942 2989; baseline 0 -17"><span class='ocrx_word' id='word_1_224' title='bbox 486 2920 593 2988; x_wconf 76' lang='lat' dir='ltr'><strong>his]</strong></span> <span class='ocrx_word' id='word_1_225' title='bbox 631 2936 731 2974; x_wconf 89' lang='lat' dir='ltr'><strong>von</strong></span> <span class='ocrx_word' id='word_1_226' title='bbox 759 2920 860 2974; x_wconf 91' lang='lat' dir='ltr'><strong>den</strong></span> <span class='ocrx_word' id='word_1_227' title='bbox 889 2920 1248 2977; x_wconf 67' lang='lat' dir='ltr'><strong>Casarianern.</strong></span> <span class='ocrx_word' id='word_1_228' title='bbox 1287 2950 1354 2960; x_wconf 93' lang='lat'>—</span> <span class='ocrx_word' id='word_1_229' title='bbox 1391 2921 1595 2988; x_wconf 83' lang='lat' dir='ltr'><strong>iactor]</strong></span> <span class='ocrx_word' id='word_1_230' title='bbox 1633 2921 1743 2974; x_wconf 89' lang='lat' dir='ltr'><strong>Das</strong></span> <span class='ocrx_word' id='word_1_231' title='bbox 1769 2920 1893 2974; x_wconf 88' lang='lat' dir='ltr'><strong>Bild</strong></span> <span class='ocrx_word' id='word_1_232' title='bbox 1918 2920 1995 2974; x_wconf 88' lang='lat' dir='ltr'><strong>ist</strong></span> <span class='ocrx_word' id='word_1_233' title='bbox 2022 2938 2136 2975; x_wconf 87' lang='lat' dir='ltr'><strong>vom</strong></span> <span class='ocrx_word' id='word_1_234' title='bbox 2164 2920 2484 2976; x_wconf 84' lang='lat' dir='ltr'><strong>Sturmwind</strong></span> <span class='ocrx_word' id='word_1_235' title='bbox 2510 2921 2942 2989; x_wconf 88' lang='lat' dir='ltr'><strong>hergenommen:</strong></span> 
     </span>
     <span class='ocr_line' id='line_1_26' title="bbox 488 3009 1961 3076; baseline 0.001 -14"><span class='ocrx_word' id='word_1_236' title='bbox 488 3026 678 3075; x_wconf 85' lang='lat' dir='ltr'><strong>„wenn</strong></span> <span class='ocrx_word' id='word_1_237' title='bbox 713 3010 799 3064; x_wconf 86' lang='lat' dir='ltr'><strong>ich</strong></span> <span class='ocrx_word' id='word_1_238' title='bbox 835 3010 1016 3064; x_wconf 82' lang='lat' dir='ltr'><strong>weiter</strong></span> <span class='ocrx_word' id='word_1_239' title='bbox 1051 3010 1165 3064; x_wconf 90' lang='lat' dir='ltr'><strong>hin-</strong></span> <span class='ocrx_word' id='word_1_240' title='bbox 1201 3009 1308 3063; x_wconf 90' lang='lat' dir='ltr'><strong>und</strong></span> <span class='ocrx_word' id='word_1_241' title='bbox 1342 3009 1695 3076; x_wconf 86' lang='lat' dir='ltr'><strong>hergeworfen</strong></span> <span class='ocrx_word' id='word_1_242' title='bbox 1733 3009 1899 3064; x_wconf 85' lang='lat' dir='ltr'><strong>werde</strong></span> <span class='ocrx_word' id='word_1_243' title='bbox 1913 3012 1961 3063; x_wconf 90' lang='lat'><strong>“.</strong></span> 
     </span>
    </p>

    <p class='ocr_par' dir='ltr' id='par_1_9' title="bbox 484 3096 2944 3787">
     <span class='ocr_line' id='line_1_27' title="bbox 631 3096 2943 3169; baseline -0.001 -18"><span class='ocrx_word' id='word_1_244' title='bbox 631 3111 679 3152; x_wconf 73' lang='lat'><strong>⁴.</strong></span> <span class='ocrx_word' id='word_1_245' title='bbox 721 3096 991 3167; x_wconf 75' lang='lat' dir='ltr'><strong>Quintus]</strong></span> <span class='ocrx_word' id='word_1_246' title='bbox 1037 3097 1088 3152; x_wconf 83' lang='lat' dir='ltr'><strong>S.</strong></span> <span class='ocrx_word' id='word_1_247' title='bbox 1134 3097 1287 3169; x_wconf 88' lang='lat' dir='ltr'><strong>epist.</strong></span> <span class='ocrx_word' id='word_1_248' title='bbox 1325 3097 1456 3150; x_wconf 86' lang='lat' dir='ltr'><strong>XXI</strong></span> <span class='ocrx_word' id='word_1_249' title='bbox 1471 3139 1484 3164; x_wconf 89' lang='lat'>,</span> <span class='ocrx_word' id='word_1_250' title='bbox 1524 3098 1555 3151; x_wconf 80' lang='lat'>7</span> <span class='ocrx_word' id='word_1_251' title='bbox 1595 3115 1647 3151; x_wconf 86' lang='lat' dir='ltr'><strong>u.</strong></span> <span class='ocrx_word' id='word_1_252' title='bbox 1684 3096 1837 3152; x_wconf 86' lang='lat' dir='ltr'><strong>Anm.</strong></span> <span class='ocrx_word' id='word_1_253' title='bbox 1923 3097 2022 3151; x_wconf 92' lang='lat' dir='ltr'><strong>Die</strong></span> <span class='ocrx_word' id='word_1_254' title='bbox 2070 3097 2537 3166; x_wconf 84' lang='lat' dir='ltr'><strong>Handlungsweise</strong></span> <span class='ocrx_word' id='word_1_255' title='bbox 2588 3114 2686 3151; x_wconf 88' lang='lat' dir='ltr'><strong>von</strong></span> <span class='ocrx_word' id='word_1_256' title='bbox 2738 3097 2943 3150; x_wconf 90' lang='lat' dir='ltr'><strong>Bruder</strong></span> 
     </span>
     <span class='ocr_line' id='line_1_28' title="bbox 488 3185 2942 3255; baseline -0.001 -15"><span class='ocrx_word' id='word_1_257' title='bbox 488 3185 595 3239; x_wconf 90' lang='lat' dir='ltr'><strong>und</strong></span> <span class='ocrx_word' id='word_1_258' title='bbox 621 3185 809 3240; x_wconf 85' lang='lat' dir='ltr'><strong>Neffen</strong></span> <span class='ocrx_word' id='word_1_259' title='bbox 834 3186 966 3255; x_wconf 84' lang='lat' dir='ltr'><strong>geht</strong></span> <span class='ocrx_word' id='word_1_260' title='bbox 1001 3203 1096 3240; x_wconf 87' lang='lat' dir='ltr'><strong>aus</strong></span> <span class='ocrx_word' id='word_1_261' title='bbox 1131 3185 1406 3254; x_wconf 85' lang='lat' dir='ltr'><strong>folgenden</strong></span> <span class='ocrx_word' id='word_1_262' title='bbox 1434 3185 1634 3239; x_wconf 88' lang='lat' dir='ltr'><strong>Stellen</strong></span> <span class='ocrx_word' id='word_1_263' title='bbox 1671 3185 1886 3240; x_wconf 84' lang='lat' dir='ltr'><strong>hervor:</strong></span> <span class='ocrx_word' id='word_1_264' title='bbox 1937 3228 1967 3253; x_wconf 91' lang='lat'><strong>„</strong></span> <span class='ocrx_word' id='word_1_265' title='bbox 1980 3185 2211 3251; x_wconf 84' lang='lat' dir='ltr'><strong>Quintus</strong></span> <span class='ocrx_word' id='word_1_266' title='bbox 2247 3186 2393 3239; x_wconf 88' lang='lat' dir='ltr'><strong>misit</strong></span> <span class='ocrx_word' id='word_1_267' title='bbox 2427 3185 2591 3240; x_wconf 90' lang='lat' dir='ltr'><strong>filium</strong></span> <span class='ocrx_word' id='word_1_268' title='bbox 2631 3203 2736 3239; x_wconf 92' lang='lat' dir='ltr'><strong>non</strong></span> <span class='ocrx_word' id='word_1_269' title='bbox 2774 3187 2942 3240; x_wconf 86' lang='lat' dir='ltr'><strong>solum</strong></span> 
     </span>
     <span class='ocr_line' id='line_1_29' title="bbox 486 3274 2944 3345; baseline 0 -19"><span class='ocrx_word' id='word_1_270' title='bbox 486 3274 571 3327; x_wconf 90' lang='lat' dir='ltr'><strong>sui</strong></span> <span class='ocrx_word' id='word_1_271' title='bbox 606 3274 1005 3344; x_wconf 86' lang='lat' dir='ltr'><strong>deprecatorem,</strong></span> <span class='ocrx_word' id='word_1_272' title='bbox 1044 3274 1134 3328; x_wconf 89' lang='lat' dir='ltr'><strong>sed</strong></span> <span class='ocrx_word' id='word_1_273' title='bbox 1171 3275 1331 3328; x_wconf 90' lang='lat' dir='ltr'><strong>etiam</strong></span> <span class='ocrx_word' id='word_1_274' title='bbox 1367 3277 1724 3328; x_wconf 84' lang='lat' dir='ltr'><strong>accusatorem</strong></span> <span class='ocrx_word' id='word_1_275' title='bbox 1759 3275 1860 3328; x_wconf 89' lang='lat' dir='ltr'><strong>mei</strong></span> <span class='ocrx_word' id='word_1_276' title='bbox 1889 3317 1900 3329; x_wconf 92' lang='lat'><strong>.</strong></span> <span class='ocrx_word' id='word_1_277' title='bbox 1925 3317 1936 3328; x_wconf 93' lang='lat'><strong>.</strong></span> <span class='ocrx_word' id='word_1_278' title='bbox 1960 3316 1972 3328; x_wconf 92' lang='lat'><strong>.</strong></span> <span class='ocrx_word' id='word_1_279' title='bbox 2002 3291 2169 3345; x_wconf 90' lang='lat' dir='ltr'><strong>neque</strong></span> <span class='ocrx_word' id='word_1_280' title='bbox 2206 3290 2324 3328; x_wconf 87' lang='lat' dir='ltr'><strong>vero</strong></span> <span class='ocrx_word' id='word_1_281' title='bbox 2361 3274 2591 3340; x_wconf 89' lang='lat' dir='ltr'><strong>desistit,</strong></span> <span class='ocrx_word' id='word_1_282' title='bbox 2631 3275 2944 3345; x_wconf 87' lang='lat' dir='ltr'><strong>ubicumque</strong></span> 
     </span>
     <span class='ocr_line' id='line_1_30' title="bbox 485 3362 2944 3430; baseline 0 -14"><span class='ocrx_word' id='word_1_283' title='bbox 485 3366 595 3430; x_wconf 89' lang='lat' dir='ltr'><strong>est,</strong></span> <span class='ocrx_word' id='word_1_284' title='bbox 648 3363 820 3417; x_wconf 90' lang='lat' dir='ltr'><strong>omnia</strong></span> <span class='ocrx_word' id='word_1_285' title='bbox 855 3363 909 3417; x_wconf 89' lang='lat' dir='ltr'><strong>in</strong></span> <span class='ocrx_word' id='word_1_286' title='bbox 945 3379 1028 3417; x_wconf 91' lang='lat' dir='ltr'><strong>me</strong></span> <span class='ocrx_word' id='word_1_287' title='bbox 1065 3363 1343 3416; x_wconf 87' lang='lat' dir='ltr'><strong>maledicta</strong></span> <span class='ocrx_word' id='word_1_288' title='bbox 1378 3363 1608 3417; x_wconf 84' lang='lat' dir='ltr'><strong>conferre</strong></span> <span class='ocrx_word' id='word_1_289' title='bbox 1622 3364 1654 3388; x_wconf 78' lang='lat'><strong>‘⁶</strong></span> <span class='ocrx_word' id='word_1_290' title='bbox 1691 3362 1780 3430; x_wconf 86' lang='lat' dir='ltr'><strong>(ad</strong></span> <span class='ocrx_word' id='word_1_291' title='bbox 1815 3363 1929 3417; x_wconf 79' lang='lat' dir='ltr'><strong>Att.</strong></span> <span class='ocrx_word' id='word_1_292' title='bbox 1967 3364 2071 3430; x_wconf 89' lang='lat' dir='ltr'><strong>XI,</strong></span> <span class='ocrx_word' id='word_1_293' title='bbox 2108 3365 2160 3429; x_wconf 88' lang='lat'><strong>8,</strong></span> <span class='ocrx_word' id='word_1_294' title='bbox 2199 3364 2271 3428; x_wconf 81' lang='lat'><strong>2).</strong></span> <span class='ocrx_word' id='word_1_295' title='bbox 2362 3363 2485 3430; x_wconf 77' lang='lat' dir='ltr'><strong>„(Q.</strong></span> <span class='ocrx_word' id='word_1_296' title='bbox 2523 3363 2713 3427; x_wconf 88' lang='lat' dir='ltr'><strong>filium)</strong></span> <span class='ocrx_word' id='word_1_297' title='bbox 2750 3362 2944 3416; x_wconf 79' lang='lat' dir='ltr'><strong>dixisse</strong></span> 
     </span>
     <span class='ocr_line' id='line_1_31' title="bbox 485 3451 2944 3523; baseline -0.001 -17"><span class='ocrx_word' id='word_1_298' title='bbox 485 3453 752 3520; x_wconf 87' lang='lat' dir='ltr'><strong>narrabat,</strong></span> <span class='ocrx_word' id='word_1_299' title='bbox 791 3469 846 3506; x_wconf 88' lang='lat' dir='ltr'><strong>se</strong></span> <span class='ocrx_word' id='word_1_300' title='bbox 881 3452 1010 3505; x_wconf 88' lang='lat' dir='ltr'><strong>mihi</strong></span> <span class='ocrx_word' id='word_1_301' title='bbox 1037 3468 1150 3506; x_wconf 88' lang='lat' dir='ltr'><strong>esse</strong></span> <span class='ocrx_word' id='word_1_302' title='bbox 1176 3452 1594 3506; x_wconf 89' lang='lat' dir='ltr'><strong>inimicissimum</strong></span> <span class='ocrx_word' id='word_1_303' title='bbox 1621 3451 1961 3522; x_wconf 88' lang='lat' dir='ltr'><strong>volumenque</strong></span> <span class='ocrx_word' id='word_1_304' title='bbox 1989 3452 2281 3506; x_wconf 89' lang='lat' dir='ltr'><strong>ostendisse</strong></span> <span class='ocrx_word' id='word_1_305' title='bbox 2309 3452 2575 3518; x_wconf 90' lang='lat' dir='ltr'><strong>orationis,</strong></span> <span class='ocrx_word' id='word_1_306' title='bbox 2615 3468 2774 3521; x_wconf 86' lang='lat' dir='ltr'><strong>quam</strong></span> <span class='ocrx_word' id='word_1_307' title='bbox 2804 3451 2944 3523; x_wconf 87' lang='lat' dir='ltr'><strong>apud</strong></span> 
     </span>
     <span class='ocr_line' id='line_1_32' title="bbox 485 3539 2944 3608; baseline -0.001 -13"><span class='ocrx_word' id='word_1_308' title='bbox 485 3540 759 3595; x_wconf 81' lang='lat' dir='ltr'><strong>Caesarem</strong></span> <span class='ocrx_word' id='word_1_309' title='bbox 796 3544 978 3595; x_wconf 88' lang='lat' dir='ltr'><strong>contra</strong></span> <span class='ocrx_word' id='word_1_310' title='bbox 1012 3558 1094 3594; x_wconf 90' lang='lat' dir='ltr'><strong>me</strong></span> <span class='ocrx_word' id='word_1_311' title='bbox 1130 3543 1272 3595; x_wconf 90' lang='lat' dir='ltr'><strong>esset</strong></span> <span class='ocrx_word' id='word_1_312' title='bbox 1306 3540 1630 3594; x_wconf 89' lang='lat' dir='ltr'><strong>habiturus“</strong></span> <span class='ocrx_word' id='word_1_313' title='bbox 1667 3540 1757 3606; x_wconf 87' lang='lat' dir='ltr'><strong>(ad</strong></span> <span class='ocrx_word' id='word_1_314' title='bbox 1785 3539 1903 3594; x_wconf 89' lang='lat' dir='ltr'><strong>Att.</strong></span> <span class='ocrx_word' id='word_1_315' title='bbox 1932 3540 2025 3607; x_wconf 88' lang='lat' dir='ltr'><strong>XI,</strong></span> <span class='ocrx_word' id='word_1_316' title='bbox 2057 3542 2141 3607; x_wconf 89' lang='grc'><strong>10,</strong></span> <span class='ocrx_word' id='word_1_317' title='bbox 2187 3543 2251 3606; x_wconf 89' lang='grc'><strong>1).</strong></span> <span class='ocrx_word' id='word_1_318' title='bbox 2293 3571 2361 3581; x_wconf 91' lang='grc'><strong>--</strong></span> <span class='ocrx_word' id='word_1_319' title='bbox 2398 3540 2609 3608; x_wconf 56' lang='lat' dir='ltr'><strong>Pastis]</strong></span> <span class='ocrx_word' id='word_1_320' title='bbox 2648 3540 2712 3593; x_wconf 90' lang='lat' dir='ltr'><strong>In</strong></span> <span class='ocrx_word' id='word_1_321' title='bbox 2749 3540 2944 3594; x_wconf 87' lang='lat' dir='ltr'><strong>Patrae</strong></span> 
     </span>
     <span class='ocr_line' id='line_1_33' title="bbox 487 3627 2944 3700; baseline -0 -18"><span class='ocrx_word' id='word_1_322' title='bbox 487 3633 740 3684; x_wconf 86' lang='lat' dir='ltr'><strong>warteten</strong></span> <span class='ocrx_word' id='word_1_323' title='bbox 788 3630 902 3684; x_wconf 89' lang='lat' dir='ltr'><strong>eine</strong></span> <span class='ocrx_word' id='word_1_324' title='bbox 937 3629 1140 3683; x_wconf 87' lang='lat' dir='ltr'><strong>Anzahl</strong></span> <span class='ocrx_word' id='word_1_325' title='bbox 1174 3628 1573 3695; x_wconf 86' lang='lat' dir='ltr'><strong>Aristokraten,</strong></span> <span class='ocrx_word' id='word_1_326' title='bbox 1627 3628 1711 3682; x_wconf 90' lang='lat' dir='ltr'><strong>die</strong></span> <span class='ocrx_word' id='word_1_327' title='bbox 1761 3627 1910 3682; x_wconf 87' lang='lat' dir='ltr'><strong>nicht</strong></span> <span class='ocrx_word' id='word_1_328' title='bbox 1954 3629 2133 3683; x_wconf 87' lang='lat' dir='ltr'><strong>weiter</strong></span> <span class='ocrx_word' id='word_1_329' title='bbox 2176 3629 2419 3700; x_wconf 73' lang='lat' dir='ltr'><strong>kampfen</strong></span> <span class='ocrx_word' id='word_1_330' title='bbox 2458 3628 2667 3682; x_wconf 87' lang='lat' dir='ltr'><strong>wollten</strong></span> <span class='ocrx_word' id='word_1_331' title='bbox 2683 3671 2695 3694; x_wconf 96' lang='lat'>,</span> <span class='ocrx_word' id='word_1_332' title='bbox 2749 3627 2944 3683; x_wconf 67' lang='lat' dir='ltr'><strong>Casars</strong></span> 
     </span>
     <span class='ocr_line' id='line_1_34' title="bbox 484 3716 2724 3787; baseline -0 -15"><span class='ocrx_word' id='word_1_333' title='bbox 484 3718 763 3772; x_wconf 81' lang='lat' dir='ltr'><strong>Rfickkehr</strong></span> <span class='ocrx_word' id='word_1_334' title='bbox 798 3719 880 3772; x_wconf 89' lang='lat' dir='ltr'><strong>ab.</strong></span> <span class='ocrx_word' id='word_1_335' title='bbox 921 3748 988 3757; x_wconf 90' lang='lat'><strong>—</strong></span> <span class='ocrx_word' id='word_1_336' title='bbox 1029 3716 1310 3787; x_wconf 72' lang='lat' dir='ltr'><strong>Cephalio]</strong></span> <span class='ocrx_word' id='word_1_337' title='bbox 1351 3718 1436 3771; x_wconf 92' lang='lat' dir='ltr'><strong>ein</strong></span> <span class='ocrx_word' id='word_1_338' title='bbox 1473 3716 1558 3771; x_wconf 91' lang='lat' dir='ltr'><strong>die</strong></span> <span class='ocrx_word' id='word_1_339' title='bbox 1593 3718 1727 3771; x_wconf 89' lang='lat' dir='ltr'><strong>Post</strong></span> <span class='ocrx_word' id='word_1_340' title='bbox 1761 3717 2105 3785; x_wconf 87' lang='lat' dir='ltr'><strong>besorgender</strong></span> <span class='ocrx_word' id='word_1_341' title='bbox 2139 3717 2326 3771; x_wconf 88' lang='lat' dir='ltr'><strong>Sklave</strong></span> <span class='ocrx_word' id='word_1_342' title='bbox 2364 3718 2456 3771; x_wconf 91' lang='lat' dir='ltr'><strong>des</strong></span> <span class='ocrx_word' id='word_1_343' title='bbox 2493 3717 2724 3772; x_wconf 85' lang='lat' dir='ltr'><strong>Atticus.</strong></span> 
     </span>
    </p>

    <p class='ocr_par' dir='ltr' id='par_1_10' title="bbox 485 3806 2949 4407">
     <span class='ocr_line' id='line_1_35' title="bbox 632 3806 2943 3876; baseline 0 -16"><span class='ocrx_word' id='word_1_344' title='bbox 632 3820 678 3861; x_wconf 82' lang='lat'><strong>5.</strong></span> <span class='ocrx_word' id='word_1_345' title='bbox 715 3806 1047 3862; x_wconf 74' lang='lat' dir='ltr'><strong>Extremum</strong></span> <span class='ocrx_word' id='word_1_346' title='bbox 1073 3812 1169 3875; x_wconf 80' lang='lat' dir='ltr'><strong>est,</strong></span> <span class='ocrx_word' id='word_1_347' title='bbox 1197 3806 1344 3876; x_wconf 72' lang='lat' dir='ltr'><strong>quod</strong></span> <span class='ocrx_word' id='word_1_348' title='bbox 1369 3812 1420 3861; x_wconf 84' lang='lat' dir='ltr'><strong>te</strong></span> <span class='ocrx_word' id='word_1_349' title='bbox 1446 3807 1615 3874; x_wconf 84' lang='lat' dir='ltr'><strong>orem]</strong></span> <span class='ocrx_word' id='word_1_350' title='bbox 1657 3806 1794 3874; x_wconf 88' lang='lat' dir='ltr'><strong>„das</strong></span> <span class='ocrx_word' id='word_1_351' title='bbox 1822 3807 1996 3874; x_wconf 61' lang='lat' dir='ltr'><strong>lente,</strong></span> <span class='ocrx_word' id='word_1_352' title='bbox 2035 3823 2229 3861; x_wconf 86' lang='lat' dir='ltr'><strong>worum</strong></span> <span class='ocrx_word' id='word_1_353' title='bbox 2257 3806 2341 3860; x_wconf 89' lang='lat' dir='ltr'><strong>ich</strong></span> <span class='ocrx_word' id='word_1_354' title='bbox 2369 3807 2488 3861; x_wconf 91' lang='lat' dir='ltr'><strong>dich</strong></span> <span class='ocrx_word' id='word_1_355' title='bbox 2517 3806 2690 3860; x_wconf 87' lang='lat' dir='ltr'><strong>bitten</strong></span> <span class='ocrx_word' id='word_1_356' title='bbox 2718 3807 2943 3871; x_wconf 72' lang='lat' dir='ltr'><strong>mochte,</strong></span> 
     </span>
     <span class='ocr_line' id='line_1_36' title="bbox 485 3894 2947 3964; baseline 0.001 -17"><span class='ocrx_word' id='word_1_357' title='bbox 485 3895 560 3948; x_wconf 89' lang='lat' dir='ltr'><strong>ist</strong></span> <span class='ocrx_word' id='word_1_358' title='bbox 573 3896 621 3948; x_wconf 89' lang='lat'><strong>“.</strong></span> <span class='ocrx_word' id='word_1_359' title='bbox 696 3894 901 3950; x_wconf 85' lang='lat' dir='ltr'><strong>Ciceros</strong></span> <span class='ocrx_word' id='word_1_360' title='bbox 938 3894 1535 3964; x_wconf 84' lang='lat' dir='ltr'><strong>Geldangelegenheiten</strong></span> <span class='ocrx_word' id='word_1_361' title='bbox 1572 3911 1745 3948; x_wconf 85' lang='lat' dir='ltr'><strong>waren</strong></span> <span class='ocrx_word' id='word_1_362' title='bbox 1782 3896 1838 3949; x_wconf 89' lang='lat' dir='ltr'><strong>in</strong></span> <span class='ocrx_word' id='word_1_363' title='bbox 1873 3895 2046 3963; x_wconf 84' lang='lat' dir='ltr'><strong>grosse</strong></span> <span class='ocrx_word' id='word_1_364' title='bbox 2082 3895 2419 3963; x_wconf 86' lang='lat' dir='ltr'><strong>Verwirrung</strong></span> <span class='ocrx_word' id='word_1_365' title='bbox 2453 3898 2685 3963; x_wconf 87' lang='lat' dir='ltr'><strong>geraten.</strong></span> <span class='ocrx_word' id='word_1_366' title='bbox 2759 3894 2947 3949; x_wconf 83' lang='lat' dir='ltr'><strong>Sciner</strong></span> 
     </span>
     <span class='ocr_line' id='line_1_37' title="bbox 487 3981 2948 4054; baseline 0 -17"><span class='ocrx_word' id='word_1_367' title='bbox 487 3981 677 4038; x_wconf 88' lang='lat' dir='ltr'><strong>Gattin</strong></span> <span class='ocrx_word' id='word_1_368' title='bbox 713 3983 957 4038; x_wconf 85' lang='lat' dir='ltr'><strong>Terentia</strong></span> <span class='ocrx_word' id='word_1_369' title='bbox 992 3984 1409 4054; x_wconf 85' lang='lat' dir='ltr'><strong>Freigelassener</strong></span> <span class='ocrx_word' id='word_1_370' title='bbox 1434 3984 1752 4038; x_wconf 88' lang='lat' dir='ltr'><strong>Philotimus</strong></span> <span class='ocrx_word' id='word_1_371' title='bbox 1788 3985 1940 4038; x_wconf 90' lang='lat' dir='ltr'><strong>hatte</strong></span> <span class='ocrx_word' id='word_1_372' title='bbox 1975 3985 2065 4038; x_wconf 89' lang='lat' dir='ltr'><strong>ihn</strong></span> <span class='ocrx_word' id='word_1_373' title='bbox 2104 3984 2212 4038; x_wconf 90' lang='lat' dir='ltr'><strong>und</strong></span> <span class='ocrx_word' id='word_1_374' title='bbox 2250 3984 2391 4038; x_wconf 90' lang='lat' dir='ltr'><strong>diese</strong></span> <span class='ocrx_word' id='word_1_375' title='bbox 2426 3985 2696 4052; x_wconf 87' lang='lat' dir='ltr'><strong>betrogen.</strong></span> <span class='ocrx_word' id='word_1_376' title='bbox 2762 3983 2948 4040; x_wconf 68' lang='lat' dir='ltr'><strong>Cicero</strong></span> 
     </span>
     <span class='ocr_line' id='line_1_38' title="bbox 488 4071 2946 4140; baseline -0 -14"><span class='ocrx_word' id='word_1_377' title='bbox 488 4073 671 4127; x_wconf 89' lang='lat' dir='ltr'><strong>suchte</strong></span> <span class='ocrx_word' id='word_1_378' title='bbox 707 4073 1027 4128; x_wconf 87' lang='lat' dir='ltr'><strong>namentlich</strong></span> <span class='ocrx_word' id='word_1_379' title='bbox 1063 4074 1118 4127; x_wconf 92' lang='lat' dir='ltr'><strong>in</strong></span> <span class='ocrx_word' id='word_1_380' title='bbox 1153 4071 1494 4126; x_wconf 89' lang='lat' dir='ltr'><strong>Brundisium</strong></span> <span class='ocrx_word' id='word_1_381' title='bbox 1509 4113 1522 4138; x_wconf 89' lang='lat'>‚</span> <span class='ocrx_word' id='word_1_382' title='bbox 1576 4088 1652 4125; x_wconf 88' lang='lat' dir='ltr'><strong>wo</strong></span> <span class='ocrx_word' id='word_1_383' title='bbox 1688 4073 1800 4126; x_wconf 88' lang='lat' dir='ltr'><strong>ihm</strong></span> <span class='ocrx_word' id='word_1_384' title='bbox 1835 4073 1964 4127; x_wconf 89' lang='lat' dir='ltr'><strong>alles</strong></span> <span class='ocrx_word' id='word_1_385' title='bbox 1999 4073 2055 4127; x_wconf 92' lang='lat' dir='ltr'><strong>in</strong></span> <span class='ocrx_word' id='word_1_386' title='bbox 2092 4074 2298 4127; x_wconf 75' lang='lat' dir='ltr'><strong>triibem</strong></span> <span class='ocrx_word' id='word_1_387' title='bbox 2334 4072 2516 4126; x_wconf 74' lang='lat' dir='ltr'><strong>Lichte</strong></span> <span class='ocrx_word' id='word_1_388' title='bbox 2552 4071 2792 4126; x_wconf 86' lang='lat' dir='ltr'><strong>erschien</strong></span> <span class='ocrx_word' id='word_1_389' title='bbox 2808 4114 2822 4140; x_wconf 91' lang='lat'><strong>,</strong></span> <span class='ocrx_word' id='word_1_390' title='bbox 2864 4073 2946 4126; x_wconf 89' lang='lat' dir='ltr'><strong>die</strong></span> 
     </span>
     <span class='ocr_line' id='line_1_39' title="bbox 485 4159 2945 4232; baseline 0 -17"><span class='ocrx_word' id='word_1_391' title='bbox 485 4160 892 4232; x_wconf 82' lang='lat' dir='ltr'><strong>Hauptursache</strong></span> <span class='ocrx_word' id='word_1_392' title='bbox 927 4161 982 4216; x_wconf 91' lang='lat' dir='ltr'><strong>in</strong></span> <span class='ocrx_word' id='word_1_393' title='bbox 1011 4163 1104 4216; x_wconf 89' lang='lat' dir='ltr'><strong>der</strong></span> <span class='ocrx_word' id='word_1_394' title='bbox 1130 4159 1590 4228; x_wconf 84' lang='lat' dir='ltr'><strong>Verschwendung</strong></span> <span class='ocrx_word' id='word_1_395' title='bbox 1615 4160 1723 4215; x_wconf 90' lang='lat' dir='ltr'><strong>und</strong></span> <span class='ocrx_word' id='word_1_396' title='bbox 1752 4161 1870 4215; x_wconf 90' lang='lat' dir='ltr'><strong>dem</strong></span> <span class='ocrx_word' id='word_1_397' title='bbox 1895 4162 2054 4215; x_wconf 67' lang='lat' dir='ltr'><strong>bosen</strong></span> <span class='ocrx_word' id='word_1_398' title='bbox 2080 4161 2274 4215; x_wconf 83' lang='lat' dir='ltr'><strong>Willen</strong></span> <span class='ocrx_word' id='word_1_399' title='bbox 2304 4160 2591 4215; x_wconf 83' lang='lat' dir='ltr'><strong>Terentiae.</strong></span> <span class='ocrx_word' id='word_1_400' title='bbox 2647 4161 2723 4216; x_wconf 84' lang='lat' dir='ltr'><strong>Er</strong></span> <span class='ocrx_word' id='word_1_401' title='bbox 2748 4163 2945 4225; x_wconf 81' lang='lat' dir='ltr'><strong>wollte‚</strong></span> 
     </span>
     <span class='ocr_line' id='line_1_40' title="bbox 486 4247 2947 4318; baseline -0.001 -13"><span class='ocrx_word' id='word_1_402' title='bbox 486 4249 603 4304; x_wconf 77' lang='lat' dir='ltr'><strong>dass</strong></span> <span class='ocrx_word' id='word_1_403' title='bbox 658 4251 734 4305; x_wconf 90' lang='lat' dir='ltr'><strong>sie</strong></span> <span class='ocrx_word' id='word_1_404' title='bbox 782 4250 892 4305; x_wconf 89' lang='lat' dir='ltr'><strong>sich</strong></span> <span class='ocrx_word' id='word_1_405' title='bbox 943 4251 1043 4305; x_wconf 90' lang='lat' dir='ltr'><strong>mit</strong></span> <span class='ocrx_word' id='word_1_406' title='bbox 1090 4250 1240 4304; x_wconf 89' lang='lat' dir='ltr'><strong>ihren</strong></span> <span class='ocrx_word' id='word_1_407' title='bbox 1278 4247 1600 4316; x_wconf 73' lang='lat' dir='ltr'><strong>Glaubigern</strong></span> <span class='ocrx_word' id='word_1_408' title='bbox 1647 4249 1851 4304; x_wconf 89' lang='lat' dir='ltr'><strong>abfinde</strong></span> <span class='ocrx_word' id='word_1_409' title='bbox 1898 4249 2006 4303; x_wconf 91' lang='lat' dir='ltr'><strong>und</strong></span> <span class='ocrx_word' id='word_1_410' title='bbox 2042 4265 2133 4303; x_wconf 87' lang='lat' dir='ltr'><strong>zur</strong></span> <span class='ocrx_word' id='word_1_411' title='bbox 2165 4249 2458 4318; x_wconf 86' lang='lat' dir='ltr'><strong>Sicherung</strong></span> <span class='ocrx_word' id='word_1_412' title='bbox 2493 4249 2586 4303; x_wconf 87' lang='lat' dir='ltr'><strong>der</strong></span> <span class='ocrx_word' id='word_1_413' title='bbox 2620 4248 2828 4304; x_wconf 85' lang='lat' dir='ltr'><strong>Kinder</strong></span> <span class='ocrx_word' id='word_1_414' title='bbox 2864 4251 2947 4304; x_wconf 90' lang='lat' dir='ltr'><strong>ein</strong></span> 
     </span>
     <span class='ocr_line' id='line_1_41' title="bbox 485 4335 2949 4407; baseline 0 -16"><span class='ocrx_word' id='word_1_415' title='bbox 485 4337 791 4394; x_wconf 85' lang='lat' dir='ltr'><strong>Testament</strong></span> <span class='ocrx_word' id='word_1_416' title='bbox 839 4340 1019 4394; x_wconf 89' lang='lat' dir='ltr'><strong>mache</strong></span> <span class='ocrx_word' id='word_1_417' title='bbox 1066 4338 1157 4405; x_wconf 77' lang='lat' dir='ltr'><strong>(ut</strong></span> <span class='ocrx_word' id='word_1_418' title='bbox 1204 4337 1345 4393; x_wconf 81' lang='lat' dir='ltr'><strong>satis</strong></span> <span class='ocrx_word' id='word_1_419' title='bbox 1392 4335 1605 4404; x_wconf 74' lang='lat' dir='ltr'><strong>faciat,</strong></span> <span class='ocrx_word' id='word_1_420' title='bbox 1643 4337 1840 4407; x_wconf 78' lang='lat' dir='ltr'><strong>quibus</strong></span> <span class='ocrx_word' id='word_1_421' title='bbox 1876 4336 2070 4406; x_wconf 81' lang='lat' dir='ltr'><strong>debet).</strong></span> <span class='ocrx_word' id='word_1_422' title='bbox 2154 4337 2225 4392; x_wconf 83' lang='lat'><strong>46</strong></span> <span class='ocrx_word' id='word_1_423' title='bbox 2273 4336 2393 4392; x_wconf 77' lang='lat' dir='ltr'><strong>liefs</strong></span> <span class='ocrx_word' id='word_1_424' title='bbox 2441 4354 2497 4391; x_wconf 84' lang='lat' dir='ltr'><strong>er</strong></span> <span class='ocrx_word' id='word_1_425' title='bbox 2546 4336 2656 4391; x_wconf 90' lang='lat' dir='ltr'><strong>sich</strong></span> <span class='ocrx_word' id='word_1_426' title='bbox 2708 4354 2813 4392; x_wconf 89' lang='lat' dir='ltr'><strong>von</strong></span> <span class='ocrx_word' id='word_1_427' title='bbox 2864 4339 2949 4392; x_wconf 83' lang='lat' dir='ltr'><strong>ihr</strong></span> 
     </span>
    </p>
   </div>
  </div>
 </body>
</html>
