3146 4826
512 339 615 399 128
1212 340 1472 396 Ciceronis
1509 341 1764 412 epistulae
1801 342 2023 395 selectae
2057 341 2250 396 XXXL

511 504 620 584 qui
668 504 745 566 ab
793 503 900 567 illo
948 503 1333 584 diliguntur,
1388 503 1807 567 voluntatem.
1898 501 2192 584 Effugere
2240 505 2458 566 autem
2506 503 2561 566 si
2607 502 2794 566 velim
2832 520 2972 565 non

508 610 835 674 nullorum
882 616 1065 674 acute
1115 612 1229 673 aut
1273 608 1475 674 facete
1526 609 1840 672 dictorum
1886 608 2143 685 famam,
2188 608 2360 672 fama
2404 609 2642 690 ingenii
2685 609 2840 672 mihi
2881 609 2974 671 sit

461 737 485 775 4
512 715 871 790 abicienda;
946 716 1139 798 quod,
1210 717 1264 780 si
1332 734 1612 798 possem,
1679 734 1806 778 non
1875 733 2255 780 recusarem.
2365 713 2492 778 Sed
2554 718 2772 779 tamen
2830 714 2972 796 ipse

513 822 748 886 Caesar
824 824 1021 887 habet
1098 841 1356 905 peracre
1435 821 1769 897 iudicium,
1847 825 1936 898 et,
2014 822 2087 884 ut
2162 820 2446 898 ServiuS,
2522 820 2722 885 frater
2797 823 2975 896 tuuS,

513 948 703 1010 quem
769 929 1312 992 litteratissimum
1380 928 1577 991 fuisse
1645 927 1878 1004 iudico,
1954 926 2137 991 facile
2207 927 2445 991 diceret
2522 928 2671 1005 „hic
2747 946 2976 991 versus

513 1035 728 1098 Plauti
773 1054 902 1098 non
950 1038 1064 1112 est,
1110 1035 1214 1098 hic
1246 1036 1405 1111 est“‚
1456 1034 1621 1115 quod
1664 1034 1851 1097 tritas
1886 1052 2071 1097 aures
2103 1034 2367 1098 haberet
2395 1033 2694 1098 notandis
2729 1034 2980 1113 generi-

512 1143 630 1205 bus
677 1145 1013 1223 poetarum
1060 1143 1124 1206 et
1171 1141 1627 1205 consuetudine
1677 1140 1957 1222 legendi,
2021 1141 2111 1204 sic
2157 1140 2343 1204 audio
2392 1140 2764 1215 Caesarem,
2827 1159 2979 1203 cum

511 1248 835 1311 volumina
881 1249 1009 1311 iam
1056 1248 1395 1312 confecerit
1441 1246 2001 1334 ἀποφθεγμάτων,
2051 1248 2104 1310 si
2152 1247 2320 1328 quod
2351 1246 2679 1310 adferatur
2712 1246 2791 1310 ad
2824 1265 2976 1310 eum

512 1372 624 1437 pro
670 1374 831 1429 meo,
882 1354 1048 1435 quod
1094 1373 1310 1418 meum
1358 1374 1484 1418 non
1532 1356 1633 1430 sit,
1680 1355 1914 1417 reicere
1963 1354 2196 1427 solere;
2246 1353 2411 1435 quod
2461 1371 2531 1416 eo
2562 1372 2737 1417 nunc
2765 1354 2974 1433 magis

514 1458 698 1536 facit,
762 1462 912 1542 quia
957 1462 1181 1524 vivunt
1226 1479 1474 1525 mecum
1524 1460 1654 1524 fere
1703 1460 1929 1524 cotidie
1983 1461 2154 1523 illius
2216 1459 2580 1524 familiares,
2670 1458 2977 1523 Incidunt

515 1568 731 1630 autem
777 1568 841 1630 in
891 1586 1177 1631 sermone
1226 1567 1397 1631 vario
1445 1568 1684 1643 multa,
1749 1585 1911 1648 quae
1959 1566 2230 1630 fortasse
2276 1567 2421 1641 illis,
2470 1585 2618 1629 cum
2665 1565 2810 1641 dixi,
2854 1584 2977 1628 nec

511 1674 865 1736 inlitterata
911 1692 1029 1737 nec
1059 1673 1304 1736 insulsa
1352 1692 1489 1736 esse
1523 1672 1876 1736 videantur.
1952 1672 2129 1736 Haec
2177 1672 2256 1735 ad
2302 1673 2487 1735 illum
2529 1690 2677 1735 cum
2708 1671 2975 1752 reliquis

516 1780 671 1843 actis
719 1779 1159 1861 perferuntur3
1221 1780 1314 1842 ita
1371 1779 1537 1843 enim
1593 1780 1726 1860 ipse
1781 1778 2125 1842 mandavit.
2221 1779 2324 1842 Sic
2376 1778 2477 1854 fit,
2541 1780 2644 1854 ut,
2710 1777 2763 1841 si
2821 1776 2976 1858 quid

512 1888 843 1966 praeterea
891 1886 966 1949 de
1021 1904 1122 1949 me
1189 1885 1435 1962 audiat,
1497 1904 1624 1948 non
1688 1884 2073 1949 audiendum
2135 1887 2332 1967 putet.
2425 1884 2634 1962 Quam
2698 1885 2775 1947 ob
2837 1902 2978 1947 rem

467 2011 490 2048 5
517 1991 834 2054 Oenomao
883 1994 993 2055 tuo
1039 1992 1198 2054 nihil
1245 1993 1424 2067 utar,
1498 1992 1618 2054 etsi
1663 1992 1932 2072 posuisti
1978 1993 2112 2055 loco
2159 2010 2381 2056 versus
2427 1992 2753 2055 Accianos.
2850 1989 2977 2053 Sed

517 2116 677 2179 quae
727 2101 825 2161 est
871 2098 1236 2174 ,‚invidia“‘?
1302 2101 1415 2160 aut
1464 2097 1615 2178 quid
1662 2098 1820 2160 mihi
1873 2117 2043 2161 nunc
2096 2097 2363 2162 invideri
2408 2098 2666 2179 potest?
2729 2095 2978 2159 Verum

513 2309 751 2373 Konsul).
794 2340 858 2347 —
899 2310 1129 2376 effuycre
1167 2309 1373 2375 autem]
1414 2307 1686 2362 Gedanke:
1737 2308 1829 2361 Ich
1879 2309 2012 2362 habe
2060 2309 2197 2361 mich
2247 2309 2339 2361 der
2386 2308 2625 2375 grossten
2671 2307 2979 2374 Massigung

513 2397 822 2464 befleil'sigt3
862 2399 985 2450 aber
1022 2415 1170 2451 wenn
1205 2398 1291 2451 ich
1327 2416 1435 2451 nun
1474 2415 1529 2450 es
1568 2398 1701 2450 auch
1738 2398 2028 2451 vermeiden
2068 2398 2271 2464 wollte,
2311 2397 2427 2451 dass
2462 2398 2563 2450 mir
2600 2397 2771 2465 einige
2808 2396 2979 2449 Witz-

516 2491 676 2538 worte
713 2487 767 2538 in
806 2486 907 2538 den
943 2486 1109 2538 Mund
1145 2487 1324 2554 gelegt
1360 2488 1594 2552 werden,
1646 2504 1702 2540 so
1753 2492 1887 2540 ware
1926 2486 2019 2539 das
2055 2487 2522 2554 gleichbedeutend
2558 2487 2660 2539 mit
2697 2487 2816 2538 dem
2852 2485 2979 2538 Ver·

517 2573 655 2624 zicht
692 2573 784 2624 auf
815 2573 914 2625 den
943 2574 1063 2639 Rufi
1102 2575 1182 2627 ein
1212 2575 1514 2642 geistvoller
1540 2575 1701 2627 Mann
1740 2593 1802 2628 zu
1840 2575 1966 2628 sein.
2028 2574 2153 2628 Dies
2191 2576 2280 2641 ist,
2320 2575 2452 2627 auch
2481 2591 2631 2627 wenn
2667 2574 2752 2627 ioh
2784 2573 2976 2639 wollte,

516 2661 829 2728 unmoglich.

661 2763 707 2801 4.
746 2748 943 2818 frater]
985 2751 1266 2816 „Vetter“‚
1306 2751 1400 2803 wie
1438 2751 1592 2820 epist.
1631 2751 1673 2816 Ι,
1714 2752 1743 2804 1
1784 2768 1834 2805 u.
1875 2751 1967 2804 oft.
2006 2780 2077 2788 —
2113 2751 2288 2816 fuisse
2421 2750 2646 2818 diceret]
2685 2751 2786 2804 Die
2823 2750 2976 2804 Form

516 2839 669 2905 zeigt,
701 2839 794 2891 wie
823 2839 917 2891 das
946 2840 1062 2892 dem
1091 2840 1345 2893 letzteren
1374 2839 1681 2908 angepasste
1709 2840 1947 2906 haberet,
1975 2838 2091 2892 dass
2120 2840 2289 2893 dieser
2306 2839 2804 2893 Litteraturkenner
2831 2840 2980 2893 nicht

514 2928 662 2980 mehr
698 2928 825 2981 lebt.
879 2957 945 2966 --
997 2930 1161 2982 tritas
1198 2928 1386 2994 aures]
1428 2928 1554 2992 „ein
1592 2928 1812 2995 geiibtes
1850 2927 2021 2982 Ohr“.
2075 2956 2140 2966 —
2192 2927 2457 2983 notamdis
2488 2928 2809 2997 qemibus]
2850 2928 2979 2995 „da-

516 3016 697 3081 durch,
729 3016 846 3070 dass
874 3034 931 3070 er
959 3017 1041 3070 die
1068 3016 1353 3069 Merkmale
1382 3017 1584 3080 (notae)
1614 3015 1705 3068 der
1733 3016 1999 3070 einzelnen
2019 3017 2448 3070 Dichterklassen
2476 3017 2888 3070 bcobachtete“.
2914 3046 2976 3055 -

517 3106 1002 3177 ἀποφθεγμάτων]
1044 3129 1107 3147 ==
1149 3110 1311 3158 acute
1348 3110 1450 3158 aut
1485 3104 1667 3169 facete
1704 3105 1983 3159 dictorum
2019 3106 2048 3173 ξ
2086 3106 2136 3158 3.
2209 3104 2361 3159 Auch
2399 3106 2492 3158 auf
2523 3105 2720 3158 diesem
2761 3104 2977 3159 Gebiete

517 3208 623 3244 war
660 3192 823 3246 Casar
860 3194 1337 3246 schriftstellerisch
1377 3193 1554 3261 thatig
1589 3194 1669 3246 als
1707 3193 1976 3246 Sammler.
2028 3223 2094 3231 -——
2145 3194 2195 3247 si
2232 3194 2401 3262 quod]
2449 3195 2531 3247 ein
2570 3194 2780 3247 solches
2817 3193 2978 3247 witz-

517 3282 651 3332 wort
674 3280 955 3346 (Bonmot).
996 3311 1061 3318 —
1100 3282 1300 3336 vivunt
1325 3281 1553 3348 mecum]
1587 3282 1964 3347 ‚,verkehren“.
2006 3312 2072 3320 -—
2109 3282 2446 3350 inlitterata]
2488 3282 2857 3350 „ungebildet,
2891 3300 2979 3336 un·

517 3368 680 3421 fein“.
722 3399 790 3406 —
828 3385 952 3422 cum
987 3370 1218 3437 reliquis
1253 3370 1419 3438 actis]
1461 3371 1603 3435 „mit
1630 3370 1729 3423 den
1757 3371 1975 3436 iibrigen
2004 3370 2414 3439 Neuigkeiten“.
2447 3401 2513 3410 -—-
2555 3369 2834 3426 Oenomao
2860 3372 2978 3437 tuo]

518 3455 836 3523 Oenomaus,
875 3457 966 3510 der
1002 3457 1177 3530 Konig
1213 3476 1313 3511 von
1348 3458 1473 3512 Pisa
1506 3460 1562 3512 in
1598 3459 1736 3525 Elis,
1776 3459 1951 3512 wurde
1989 3460 2062 3513 im
2098 3459 2493 3527 Wagenrennen
2528 3476 2629 3513 von
2665 3460 2858 3529 Pelops
2897 3460 2980 3513 be·

519 3546 670 3613 siegt.
744 3546 930 3598 Dieser
978 3546 1169 3598 erhielt
1218 3545 1452 3600 dadurch
1503 3547 1604 3600 mit
1640 3546 1731 3600 der
1765 3545 1924 3600 Hand
1963 3548 2131 3600 seiner
2167 3547 2391 3601 Tochter
2425 3546 2811 3617 Hippodameia
2845 3548 2981 3603 auch

519 3634 702 3688 dessen
739 3634 919 3688 Reich.
984 3635 1097 3687 Aus
1134 3635 1275 3688 einer
1311 3635 1727 3703 gleichnamigen
1756 3634 2009 3702 Tragodie
2048 3635 2138 3688 des
2176 3636 2464 3690 romischen
2501 3636 2753 3690 Dichters
2788 3637 2981 3690 Accius

518 3738 613 3775 aus
651 3723 768 3775 dem
806 3724 854 3776 2.
893 3723 1077 3776 Jahrh.
1116 3741 1163 3777 ν.
1203 3723 1323 3778 Chr.
1343 3765 1355 3789 ,
1396 3724 1477 3776 die
1515 3724 1692 3777 diesen
1727 3724 1866 3778 Stoff
1898 3723 2238 3791 behandelte,
2286 3725 2438 3778 hatte
2474 3724 2671 3778 Paetus
2709 3725 2796 3779 ein
2832 3724 2983 3779 citat

520 3810 611 3862 auf
634 3809 841 3864 Ciceros
877 3811 1238 3865 vermeintlich
1268 3812 1389 3865 sehr
1418 3812 1718 3881 schwierige
1745 3812 1989 3880 Stellung
2016 3813 2268 3881 bezogen3
2309 3813 2412 3868 Cic.
2450 3814 2674 3867 erkennt
2712 3829 2849 3866 zwar
2889 3813 2983 3866 das

520 3896 786 3951 Treffende
823 3900 984 3966 (loce,
1023 3901 1118 3953 wie
1152 3900 1217 3953 in
1253 3901 1397 3954 loco:
1438 3918 1549 3967 „an
1587 3901 1678 3954 der
1705 3901 1919 3955 rechten
1949 3901 2177 3963 Stelle“)
2213 3903 2304 3956 des
2333 3902 2506 3956 Citats
2543 3919 2626 3968 an,
2667 3902 2821 3955 weist
2858 3902 2984 3955 aber

521 3985 604 4038 die
639 3986 985 4055 Anwendung
1020 3988 1112 4040 auf
1141 3988 1253 4041 sich
1293 3989 1501 4043 zuriick.

668 4088 712 4127 s.
751 4072 859 4128 Sed
894 4091 1035 4143 quae
1071 4081 1150 4130 est
1186 4075 1431 4144 invidia]
1471 4078 1723 4131 schrankt
1759 4078 1948 4132 wieder
1985 4076 2079 4132 das
2117 4080 2231 4133 loco
2258 4079 2505 4146 posuisti
2532 4079 2632 4132 ein.
2708 4078 2772 4131 In
2810 4078 2984 4146 jeuem

521 4161 667 4216 Citat
703 4162 843 4216 muss
879 4163 972 4216 der
1000 4162 1419 4232 Grundgedanke
1458 4165 1568 4219 sich
1605 4182 1694 4219 um
1731 4166 1826 4220 das
1862 4166 1977 4220 hier
2002 4183 2168 4236 gegen
2196 4166 2299 4222 Cic.
2329 4167 2673 4236 angewandte
2697 4166 2858 4220 Wort
2897 4169 2985 4221 in-

520 4250 679 4305 vidia
714 4251 941 4320 gedreht
976 4253 1161 4307 haben.
1211 4282 1278 4294 —
1338 4253 1538 4309 Verum
1577 4253 1673 4318 fiac
1708 4270 1817 4310 esse
1853 4255 2065 4323 omnia]
2112 4254 2210 4309 Ein
2248 4255 2662 4323 Zugestiindnis:
2716 4256 2984 4322 „Meinet

520 4355 695 4408 wegen
746 4340 908 4393 nimm
956 4357 1023 4394 an
1041 4383 1053 4406 ,
1106 4343 1247 4394 setze
1298 4340 1399 4394 den
1435 4341 1577 4407 Fan,
1630 4343 1701 4395 all
1751 4343 1870 4409 das,
1922 4359 2028 4396 was
2079 4343 2150 4396 du
2197 4344 2480 4409 fiirchtest,
2533 4346 2673 4396 trete
2720 4345 2876 4399 ein“.
2921 4375 2987 4384 -
