3146 4826
913 340 1173 396 Ciceronis
1210 342 1467 413 epistulae
1506 342 1730 396 selectae
1764 342 1881 397 XX.
2558 340 2631 402 W

193 500 512 578 sententia,
572 503 673 566 est
724 503 836 567 illa
892 503 1087 567 etiam
1144 502 1511 586 [Philippi],
1567 505 1660 579 et,
1715 521 1864 568 cum
1919 503 2006 567 sit
2048 521 2335 581 necesse,
2391 503 2627 569 servire

191 607 437 689 tempori
483 610 551 672 et
595 627 723 672 non
752 608 1048 673 amittere
1094 610 1370 692 tempus,
1416 627 1565 673 cum
1611 608 1696 673 sit
1725 607 1969 673 datum.
2047 607 2174 674 Sed
2220 609 2289 673 in
2327 609 2448 675 hoc
2490 610 2628 693 ipso

188 712 408 777 habent
437 715 657 778 tamen
704 713 877 779 idem
923 714 1128 780 fasces
1158 714 1552 780 molestiam:
1604 715 1690 779 sit
1735 713 1906 779 enim
1934 714 2116 779 nobis
2148 716 2409 793 amicus,
2456 716 2627 797 quod

192 818 478 884 incertum
526 823 653 898 est,
709 820 819 886 sed
879 822 993 885 sit:
1050 820 1295 886 deferet
1339 820 1758 905 triumphum.
1848 820 1993 885 Non
2040 821 2321 905 accipere
2334 869 2350 898 ,
2406 839 2626 887 vereor

191 942 258 989 ne
297 926 719 1008 periculosum
764 927 868 1005 sit,
916 927 1197 1011 accipere
1245 927 1629 992 invidiosum
1676 926 1755 991 ad
1802 927 2016 991 bonos.
2093 925 2146 992 Ο
2193 945 2350 1005 rem,
2394 927 2625 1008 inquis,

189 1030 481 1097 difficilem
529 1035 598 1098 et
640 1033 1175 1117 inexplicabilem!
1226 1034 1406 1116 atqui
1446 1032 1818 1117 explicanda
1864 1035 1980 1099 est.
2057 1031 2226 1112 Quid
2273 1032 2442 1099 enim
2487 1032 2625 1099 fieri

191 1139 411 1219 potest?
479 1142 586 1204 Ac
638 1158 730 1204 ne
774 1158 887 1204 me
935 1140 1409 1204 existimaris
1456 1139 1545 1203 ad
1592 1138 2045 1204 manendum
2093 1158 2258 1204 esse
2304 1158 2626 1224 propen-

193 1243 463 1322 siorem,
512 1245 710 1327 quod
755 1247 979 1329 plura
1022 1247 1097 1309 in
1145 1264 1304 1311 eam
1350 1248 1646 1329 partem
1691 1246 1919 1311 verba
1974 1245 2311 1324 fecerim,
2365 1249 2626 1330 potest

150 1349 366 1428 ‘fieri,
421 1351 619 1434 quod
677 1351 775 1416 fit
827 1353 902 1416 in
948 1353 1215 1416 multis
1264 1351 1878 1434 quaestionibuS,
1937 1353 2021 1415 ut
2066 1371 2187 1417 res
2233 1353 2625 1418 verbosior

191 1456 350 1521 haec
391 1456 659 1536 fuerit,
704 1459 843 1523 illa
888 1459 1154 1523 verior.
1246 1456 1484 1537 Quam
1540 1459 1628 1523 ob
1683 1476 1837 1522 rem
1892 1461 1979 1522 ut
2034 1459 2357 1523 maxima
2413 1458 2498 1524 de
2545 1478 2622 1524 re

189 1580 398 1645 aequo
455 1565 707 1630 animo
766 1565 1256 1642 deliberanti,
1313 1565 1421 1629 ita
1475 1564 1662 1629 mihi
1717 1563 1846 1629 des
1904 1565 2311 1629 consilium
2375 1565 2621 1630 velim.

191 1668 359 1735 Navis
405 1673 471 1735 et
515 1671 586 1736 in
635 1671 859 1737 Caieta
905 1673 1004 1737 est
1048 1674 1276 1754 parata
1320 1671 1499 1737 nobis
1547 1673 1614 1736 et
1651 1670 1996 1735 Brundisii.

342 1777 461 1842 Sed
513 1796 659 1843 ecce
704 1778 916 1842 nuntii
946 1778 1262 1843 scribente
1308 1796 1410 1842 me
1456 1778 1617 1843 haec
1662 1778 1800 1861 ipsa
1840 1779 2032 1842 noctu
2076 1777 2145 1840 in
2177 1775 2429 1853 Caleno,
2477 1794 2619 1841 ecce
2644 1797 2670 1836 τ

187 1881 426 1961 litterae,
476 1884 885 1950 Caesarem
932 1883 1021 1948 ad
1069 1883 1519 1961 Corfinium,
1566 1883 1922 1949 Domitium
1956 1882 2213 1949 Corfinii
2245 1900 2391 1947 cum
2436 1881 2618 1947 firmo

185 1990 437 2055 exercitu
509 1993 582 2055 et
648 2009 934 2074 pugnare
1006 1991 1316 2073 cupiente.
1430 1990 1575 2056 Non
1643 1992 1799 2073 puto
1869 1991 2064 2054 etiam
2133 1989 2254 2055 hoc
2325 1987 2619 2054 Gnaeum

186 2096 445 2160 nostrum
502 2098 1025 2174 commissurum,
1081 2099 1155 2161 ut
1210 2096 1566 2162 Domitium
1621 2096 1970 2178 relinquat,
2023 2096 2146 2160 etsi
2199 2095 2616 2160 Brundisium

184 2198 515 2284 Scipionem
606 2222 755 2268 cum
850 2204 1211 2268 cohortibus
1304 2203 1552 2269 duabus
1636 2204 2097 2286 praemiserat,
2179 2201 2495 2283 legionem
2579 2220 2617 2266 a

183 2304 390 2373 Fausto
436 2309 866 2392 conscriptam
911 2311 977 2373 in
1027 2309 1310 2374 Siciliam
1366 2309 1485 2374 sibi
1530 2310 1781 2391 placere
1829 2326 1867 2372 a
1914 2308 2170 2373 consule
2227 2307 2373 2372 duci
2420 2308 2616 2390 scrip-

183 2417 331 2479 serat
385 2416 463 2480 ad
523 2417 849 2490 consules;
907 2416 1018 2480 sed
1072 2419 1257 2500 turpe
1305 2416 1662 2481 Domitium
1720 2415 1926 2480 deseri
1981 2416 2428 2499 implorantem
2477 2415 2612 2480 eius

179 2522 476 2588 auxilium.

331 2630 451 2693 Est
485 2628 806 2712 quaedam
855 2648 1055 2713 speS,
1101 2629 1260 2692 mihi
1292 2629 1552 2711 quidem
1581 2647 1708 2693 non
1741 2645 1993 2710 magna,
2041 2626 2151 2692 sed
2198 2628 2264 2691 in
2310 2627 2410 2691 his
2456 2628 2612 2692 locis

179 2732 362 2813 firma,
427 2735 773 2800 Afranium
841 2735 907 2799 in
963 2735 1289 2817 Pyrenaeo
1360 2754 1508 2799 cum
1561 2735 1867 2800 Trebonio
1936 2751 2282 2816 pugnasse,
2351 2734 2610 2815 pulsum

176 2925 338 2980 wieder
374 2928 457 2982 die
495 2927 689 2983 Fasces
726 2929 1035 2998 unbequem.
1108 2927 1278 2981 Wenn
1316 2928 1418 2981 mir
1453 2926 1617 2982 Ciisar
1652 2928 1786 2981 auch
1823 2927 1925 2981 den
1951 2926 2204 2996 Triumph
2242 2925 2514 2993 bewilligt,
2553 2942 2612 2980 so

177 3012 252 3067 bin
282 3016 360 3069 ich
396 3018 532 3072 doch
568 3017 847 3086 jedenfalls
884 3018 940 3070 in
976 3018 1118 3071 einer
1154 3017 1312 3070 iiblen
1347 3017 1501 3084 Lage.
1554 3046 1624 3055 —
1672 3015 1770 3083 sit]
1808 3015 1998 3081 Casan
2043 3013 2330 3069 konzessiv.
2368 3043 2437 3052 —
2473 3014 2613 3083 quid

173 3103 301 3158 enim
331 3106 454 3172 fieri
485 3106 692 3176 potest]
731 3106 782 3160 d.
811 3105 864 3159 h.
903 3105 987 3159 ich
1023 3122 1077 3159 m
1091 3105 1165 3158 us
1175 3122 1200 3159 s
1238 3105 1321 3159 die
1349 3104 1515 3173 Frage
1551 3121 1610 3158 so
1647 3104 1770 3158 oder
1806 3120 1864 3157 so
1901 3102 2253 3158 entecheiden.
2308 3102 2462 3157 Denn
2497 3103 2611 3157 eine

174 3191 339 3247 andere
363 3195 714 3264 Miiglichkeit
737 3195 887 3263 giebt
916 3211 973 3248 es
1001 3194 1165 3249 nicht.
1205 3224 1272 3232 —
1310 3195 1375 3248 im
1403 3193 1619 3260 Caieta]
1657 3194 1741 3247 die
1768 3193 2115 3263 Praposition,
2153 3191 2270 3247 weil
2297 3193 2389 3246 der
2415 3192 2610 3246 Lande-

59 3324 60 3335 ,
174 3277 293 3346 platz
325 3283 433 3337 bei
475 3282 646 3337 Gaeta
680 3283 912 3352 gemeint
949 3284 1037 3337 ist.
1109 3282 1346 3337 Formiae
1382 3283 1517 3351 liegt
1551 3282 1607 3336 in
1646 3283 1739 3336 der
1774 3282 1940 3336 Nahe.

295 3384 339 3425 ⁷.
386 3371 509 3440 sed]
559 3372 915 3426 abbrechend:
970 3372 1204 3438 „doeh“.
1258 3400 1325 3409 —
1375 3370 1508 3438 ecce]
1557 3370 1710 3423 lenkt
1755 3372 1940 3423 immer
1990 3371 2073 3424 die
2109 3370 2475 3437 Betrachtung
2521 3370 2614 3423 auf

171 3460 309 3512 etwas
342 3461 523 3516 Neues
540 3502 552 3526 ,
602 3450 1089 3526 Uberraschendes‚
1140 3460 1235 3513 das
1282 3459 1442 3513 meist
1487 3459 1543 3512 in
1593 3458 1709 3512 dem
1746 3457 2049 3512 Nominativ
2093 3458 2236 3511 eines
2270 3457 2608 3511 substantiva

166 3547 420 3603 euthalten
459 3550 549 3603 ist.
588 3575 658 3585 —-
697 3550 776 3603 ad
803 3548 1132 3616 Corfinium]
1173 3564 1273 3614 „er
1301 3547 1449 3601 stehe
1477 3563 1567 3600 vor
1594 3545 1712 3601 C.“.
1776 3546 2039 3600 Domitius
2075 3548 2141 3612 (s.
2177 3545 2332 3615 epist.
2360 3545 2508 3611 XIX,
2533 3546 2606 3611 3),

61 3680 62 3683 ,
170 3633 239 3687 ein
269 3637 586 3691 militarisch
622 3637 898 3705 unfahiger
923 3636 1160 3702 Mensch,
1197 3635 1316 3690 liess
1355 3635 1466 3689 sich
1503 3635 1625 3688 dort
1661 3651 1761 3688 von
1789 3633 1952 3689 Celsar
1985 3634 2174 3698 fassen,
2214 3633 2383 3687 zumal
2418 3633 2488 3686 da
2522 3633 2607 3686 die

168 3713 489 3795 Verbindung
535 3726 639 3780 mit
685 3727 802 3780 dem
838 3724 1260 3797 Hauptquartier
1297 3724 1388 3778 des
1424 3724 1605 3794 Pomp.
1641 3722 1819 3777 fehlte.
1893 3722 2043 3776 Scine
2088 3721 2333 3791 Truppen
2379 3722 2606 3790 ergaben

169 3810 262 3864 sich
294 3815 401 3868 und
440 3817 616 3868 traten
657 3832 721 3867 zu
748 3813 911 3868 Ciisar
946 3816 1099 3879 iiber,
1150 3813 1268 3868 dem
1312 3830 1422 3867 nun
1469 3812 1562 3866 der
1598 3811 1732 3879 Weg
1766 3812 1901 3864 nach
1937 3811 2055 3864 dem
2090 3809 2264 3864 Siiden
2301 3826 2435 3878 ganz
2471 3809 2604 3865 offen

169 3900 303 3954 stand
317 3945 330 3969 ,
378 3903 517 3958 ohne
566 3902 684 3957 daie
733 3920 791 3956 er
838 3903 972 3957 noch
1017 3904 1130 3958 eine
1165 3901 1445 3956 feindliche
1481 3901 1773 3969 Abteilung
1807 3900 1880 3953 im
1915 3899 2130 3953 Riicken
2166 3898 2334 3953 hatte.
2388 3930 2456 3939 —
2505 3900 2608 3955 hoc

167 3992 584 4059 commissurum]
623 3992 768 4059 „den
795 3990 983 4046 Fehler
1008 3992 1302 4060 begehen“.
1330 4020 1403 4029 —
1437 3990 1702 4044 Metellus
1727 3987 1937 4057 Scipio]
1968 3988 2059 4041 des
2086 3988 2265 4059 Pomp.
2295 3987 2608 4057 Schwieger·
2700 4017 2705 4021 -

168 4080 293 4131 vater
306 4121 318 4145 ,
368 4081 555 4134 dessen
592 4079 821 4134 Tochter
856 4079 1096 4135 Cornelia
1144 4097 1200 4133 er
1249 4080 1383 4133 nach
1430 4079 1465 4132 J
1467 4078 1602 4132 uliae
1653 4077 1764 4131 Tod
1811 4077 2108 4146 geheiratet
2155 4076 2308 4130 hatte
2322 4119 2335 4142 ,
2386 4076 2474 4130 fiel
2521 4077 2608 4131 bei

165 4160 399 4237 Thapsus.
448 4199 518 4209 —-
564 4168 843 4235 Faustus]
882 4169 973 4222 des
1008 4168 1188 4238 Pomp.
1226 4166 1668 4235 Schwiegersohn.
1722 4193 1787 4203 ——
1838 4165 1903 4219 in
1935 4166 2024 4219 his
2060 4165 2191 4220 locis
2225 4164 2412 4231 flama]
2462 4164 2513 4218 d.
2552 4164 2604 4218 h.

165 4250 261 4307 hier
302 4257 493 4325 glaubt
539 4273 664 4311 man
711 4257 818 4310 fest
865 4256 1044 4311 daran.
1098 4284 1165 4294 —-
1215 4257 1283 4310 L.
1321 4254 1629 4323 Afranius]
1679 4253 1883 4308 Konsul
1917 4254 1968 4308 J.
2007 4255 2102 4318 60,
2153 4252 2453 4306 verwaltete
2490 4268 2605 4305 vom

162 4339 205 4394 J.
236 4343 301 4399 54
337 4347 402 4400 ab
437 4347 543 4401 mit
567 4346 641 4401 M.
669 4345 914 4414 Petrejus
949 4345 1059 4400 und
1094 4344 1167 4398 M.
1197 4344 1364 4397 Varro
1391 4342 1616 4413 Spanien
1646 4343 1725 4396 als
1751 4342 1918 4411 Iegat
1946 4342 2037 4396 des
2063 4340 2359 4410 Pompejus.
2415 4338 2611 4392 Trebo-

253 4431 520 4490 Crcnnoms
546 4450 824 4488 msrumn
854 4450 1116 4487 smmum.
2142 4430 2171 4482 7
