3146 4826
416 346 528 411 210
1157 349 1418 406 Ciceronis
1453 351 1711 422 epistulae
1747 351 1969 405 selectae
2002 350 2137 405 LIX.

420 530 731 597 passuum
791 513 1049 577 centum
1065 559 1081 589 ‚
1151 530 1276 594 quo
1344 512 1664 576 maturius
1724 512 1971 575 veniret
2032 548 2112 557 —
2132 560 2147 588 ‚
2215 511 2533 575 Antonius
2592 511 2892 594 legiones

424 619 642 684 eduxit
687 618 848 682 duas
864 665 880 694 ,
940 617 1285 682 secundam
1333 619 1399 682 et
1444 618 1738 700 quintam
1784 617 2173 682 tricesimam
2186 665 2201 693 ,
2248 618 2314 681 et
2360 619 2647 683 cohortes
2693 637 2891 701 prae-

423 724 619 789 torias
666 724 857 802 duas,
901 742 1098 788 unam
1144 742 1346 800 suam,
1394 724 1665 789 alteram
1713 723 1939 801 Silani,
1985 725 2392 789 evocatorum
2438 726 2724 807 partem:
2787 727 2891 789 ita

424 831 675 897 obviam
730 831 906 896 venit
962 830 1141 895 nobis
1157 878 1172 907 ,
1233 830 1400 913 quod
1457 848 1573 895 nos
1631 832 1936 912 quattuor
1990 830 2269 913 legiones
2315 830 2596 894 tironum
2639 815 2885 895 habere

425 937 632 1002 solum
679 937 1129 1002 arbitrabatur.
1222 935 1346 1001 Sed
1390 938 1612 1013 noctu,
1670 954 1793 1019 quo
1853 936 2059 1002 tutius
2104 936 2317 1001 venire
2361 937 2429 1000 in
2476 938 2687 1001 eastra
2733 956 2888 1021 pos-

425 1062 667 1121 semus,
712 1043 1026 1126 legionem
1068 1043 1372 1108 Martiam
1389 1090 1404 1119 ,
1451 1042 1554 1107 cui
1601 1060 1715 1125 ego
1762 1061 2054 1126 praeesse
2101 1043 2407 1119 solebam,
2455 1044 2520 1107 et
2566 1043 2726 1108 duas
2772 1063 2888 1107 co-

376 1168 403 1210 2
425 1151 639 1215 hortes
685 1149 1034 1233 praetorias
1079 1149 1347 1213 miserat
1389 1148 1642 1213 Hirtius
1688 1150 1886 1214 nobis.
1958 1149 2123 1215 Cum
2168 1149 2415 1231 equites
2460 1149 2721 1213 Antonii
2765 1169 2886 1233 ap-

425 1255 807 1339 paruissent,
852 1254 1160 1319 contineri
1204 1273 1411 1336 neque
1457 1255 1622 1337 legio
1654 1255 1889 1319 Martia
1933 1274 2139 1337 neque
2187 1256 2476 1320 cohortes
2522 1257 2885 1339 praetoriae

426 1362 809 1444 potuerunt;
858 1378 1018 1442 quas
1066 1361 1249 1442 sequi
1293 1360 1615 1443 coepimus
1662 1361 1881 1438 coacti,
1927 1362 2229 1444 quoniam
2273 1362 2546 1427 retinere
2593 1381 2701 1426 eas
2745 1382 2887 1428 non

426 1468 856 1550 potueramus.
944 1466 1259 1530 Antonius
1317 1466 1410 1530 ad
1463 1466 1756 1531 Forum
1802 1466 2227 1532 Gallorum
2275 1486 2425 1531 suas
2473 1469 2684 1551 copias
2733 1487 2891 1533 con·

426 1574 673 1638 tinebat
716 1591 923 1654 neque
971 1573 1118 1638 sciri
1162 1574 1414 1637 volebat
1458 1591 1526 1637 se
1571 1573 1852 1656 legiones
1898 1574 2167 1638 habere:
2213 1575 2471 1638 tantum
2516 1575 2888 1656 equitatum

428 1682 496 1745 et
554 1680 759 1744 levem
824 1681 1219 1744 armaturam
1278 1678 1671 1744 ostendebat.
1776 1679 2010 1744 Postea
2077 1698 2271 1762 quam
2332 1680 2491 1744 vidit
2549 1699 2616 1745 se
2675 1681 2889 1745 invito

427 1786 743 1869 legionem
786 1786 896 1862 ire,
941 1785 1154 1850 Pansa
1200 1786 1382 1867 sequi
1428 1803 1495 1850 se
1544 1786 1705 1850 duas
1735 1786 2015 1868 legiones
2053 1786 2243 1850 iussit
2271 1786 2570 1851 tironum.
2643 1786 2888 1852 Postea

431 1911 623 1975 quam
670 1892 1002 1975 angustias
1033 1892 1287 1975 paludis
1334 1893 1401 1956 et
1431 1891 1739 1956 silvarum
1770 1892 2158 1970 transiimus,
2206 1893 2372 1958 acies
2420 1895 2520 1957 est
2563 1893 2890 1959 instructa

380 2018 405 2058 3
430 2017 468 2063 a
521 1998 703 2064 nobis
757 2018 852 2062 ΧΠ
898 1998 1289 2072 cohortium;
1347 1997 1633 2063 nondum
1678 2000 1985 2063 venerant
2027 1999 2307 2080 legiones
2364 2000 2560 2064 duae:
2617 2002 2886 2083 repente

428 2104 743 2171 Antonius
788 2105 856 2169 in
904 2104 1106 2169 aciem
1150 2122 1299 2169 suas
1346 2104 1558 2188 copias
1605 2104 1682 2168 de
1713 2104 1848 2168 vico
1879 2105 2174 2187 produxit
2219 2107 2286 2169 et
2331 2106 2466 2170 sine
2510 2124 2691 2170 mora
2736 2125 2891 2171 con-

432 2211 648 2277 currit.
715 2210 930 2275 Primo
976 2210 1070 2276 ita
1114 2212 1472 2293 pugnatum
1518 2211 1635 2287 est,
1680 2211 1757 2274 ut
1803 2211 2012 2275 acrius
2056 2229 2184 2275 non
2227 2214 2445 2294 posset
2490 2230 2565 2276 ex
2607 2213 2892 2294 utraque

430 2320 611 2401 parte
657 2317 963 2401 pugnari;
1024 2316 1148 2381 etsi
1193 2316 1513 2381 dexterius
1560 2334 1782 2394 cornu,
1842 2317 1910 2380 in
1965 2335 2090 2399 quo
2137 2334 2252 2398 ego
2299 2335 2474 2381 eram
2520 2336 2667 2382 cum
2711 2318 2890 2382 Mar-

433 2425 563 2489 tiae
621 2424 886 2507 legionis
948 2424 1311 2489 cohortibus
1372 2425 1541 2501 oct0,
1611 2424 1855 2507 impetu
1913 2425 2117 2508 primo
2175 2423 2510 2506 fugaverat
2567 2426 2892 2508 legionem

432 2549 638 2594 xxxv.
668 2530 947 2606 Antonii,
991 2531 1068 2595 ut
1099 2530 1373 2613 amplius
1403 2549 1636 2612 passus
1665 2529 1725 2593 D
1773 2530 1946 2595 ultra
1978 2531 2195 2608 aciem,
2242 2550 2368 2613 quo
2413 2531 2548 2596 loco
2595 2534 2893 2610 steterat,

433 2636 830 2720 processerit.
902 2634 1133 2719 Itaque
1179 2655 1328 2700 oum
1372 2637 1621 2718 equites
1667 2639 1961 2701 nostrum
2006 2655 2202 2702 cornu
2249 2637 2582 2702 circumire
2627 2638 2891 2716 vellent,

434 2744 712 2826 recipere
758 2760 860 2807 me
908 2743 1085 2826 coepi
1130 2744 1196 2807 et
1237 2744 1444 2807 levem
1492 2744 1889 2807 armaturam
1933 2761 2243 2827 opponere
2290 2744 2665 2809 Maurorum
2710 2745 2897 2827 equi-

589 3038 631 3078 ι.
681 3040 805 3079 cwm
840 3024 972 3092 quo]
1012 3045 1076 3068 =
1115 3039 1239 3078 cum
1275 3023 1482 3079 Pansa.
1535 3054 1603 3063 —
1656 3025 1897 3080 cohortes
1921 3024 2265 3094 praetorias]
2301 3024 2752 3079 Wahrscheinlich
2787 3028 2901 3080 seit

438 3113 556 3166 dem
582 3112 781 3166 alteret)
811 3112 981 3182 Scipio
1016 3111 1116 3165 hat
1144 3111 1294 3181 jeder
1327 3113 1584 3166 romische
1609 3112 2096 3166 kommandierende
2127 3110 2352 3166 General
2378 3113 2494 3167 eine
2520 3114 2897 3184 urspriinglieh

437 3199 759 3270 persdnliche
787 3200 1103 3267 Leibwach0‚
1141 3200 1225 3253 die
1261 3200 1401 3254 dann
1437 3201 1736 3271 iiberhaupt
1770 3202 1850 3255 als
1886 3201 2000 3255 eine
2035 3201 2090 3255 in
2123 3201 2273 3270 jeder
2298 3201 2551 3256 Hinsicht
2575 3202 2902 3271 bevorzugte

437 3288 646 3357 Truppe
688 3287 809 3356 gilt.
894 3288 961 3342 In
1010 3288 1104 3342 der
1147 3288 1441 3344 Kaiserzeit
1488 3289 1820 3344 entwickelte
1871 3290 1983 3344 sich
2041 3305 2137 3343 aus
2183 3289 2353 3344 dieser
2400 3289 2754 3359 Einrichtung
2805 3291 2903 3345 die

438 3376 746 3430 kaiserliche
783 3373 974 3431 Garde.
1014 3405 1083 3415 —
1130 3376 1384 3445 Silam]
1434 3379 1519 3432 ein
1553 3378 1724 3447 Legat
1772 3378 1865 3432 des
1901 3377 2253 3432 Statthalters
2297 3378 2370 3432 im
2417 3378 2897 3434 narbonensischen

441 3463 646 3520 Gallien
664 3505 677 3531 ,
714 3464 807 3518 des
844 3466 1089 3534 spateren
1125 3464 1421 3520 Triumvirn
1455 3466 1529 3520 M.
1565 3455 1791 3520 Amilius
1826 3466 2069 3537 Lepidus.
2117 3495 2184 3504 —
2232 3463 2503 3539 evocatos]
2541 3466 2594 3522 S.
2633 3485 2698 3521 zu
2734 3468 2894 3538 epist.

440 3553 565 3608 XIV
579 3595 592 3620 ,
629 3554 681 3608 3.
734 3581 801 3592 -·
851 3552 978 3621 nos]
1029 3555 1187 3607 unter
1235 3553 1352 3607 dem
1387 3554 1572 3608 Befehl
1618 3555 1712 3608 des
1746 3555 1935 3609 Pansa.
1993 3582 2060 3593 -
2117 3553 2374 3625 solebam]
2425 3554 2508 3609 die
2542 3554 2907 3626 Einrichtung

442 3641 713 3709 standiger
747 3640 1374 3710 Iaegionskommandeure
1409 3641 1534 3710 (vgl.
1575 3658 1640 3696 zu
1667 3642 1822 3713 epist.
1851 3642 1994 3709 XIV,
2023 3643 2080 3708 2)
2115 3660 2225 3698 war
2259 3643 2370 3697 also
2405 3643 2539 3698 noch
2574 3644 2727 3698 nieht
2759 3661 2903 3713 ganz

442 3729 836 3797 durchgeffihrt.
864 3759 934 3769 —-
961 3728 1106 3784 duas
1134 3731 1377 3785 cohortes
1403 3731 1740 3799 praetorias]
1779 3730 1862 3784 die
1890 3731 1982 3784 des
2008 3731 2221 3784 Hirtius
2257 3732 2368 3785 und
2392 3731 2478 3785 die
2503 3731 2596 3786 des
2622 3730 2905 3788 Octavian.

588 3829 636 3871 2.
692 3816 975 3886 lcyionevn]
1012 3818 1317 3886 Martiam,
1365 3817 1459 3871 der
1507 3819 1619 3872 also
1660 3818 1781 3887 jede
1819 3816 2311 3890 Gefechtsdisziplin
2356 3819 2536 3873 fehlte.
2609 3819 2697 3874 Sie
2740 3821 2906 3876 hatte

444 3920 622 3972 wegen
658 3904 952 3958 schlechter
986 3904 1336 3974 Behandlung
1380 3907 1475 3960 auf
1513 3906 1778 3961 Antonius
1825 3906 1940 3960 eine
1986 3907 2269 3961 besondere
2304 3906 2453 3962 Wut.
2535 3907 2588 3961 S.
2638 3925 2702 3962 zu
2737 3910 2903 3980 epist.

443 3991 570 4045 LIII
586 4033 599 4058 ,
649 3992 701 4046 2.
757 4021 825 4030 -
880 3992 1019 4047 ΧΠ
1056 3993 1383 4062 cohortium]
1440 3995 1523 4048 die
1579 3995 1650 4050 10
1713 3994 1807 4048 der
1859 3995 2178 4064 Marslegion
2232 3995 2341 4049 und
2394 3995 2480 4049 die
2533 3996 2569 4050 2
2625 3996 2902 4052 Kohorten

444 4079 748 4148 Leibgarde.

593 4180 640 4223 s.
678 4167 746 4222 dc
771 4167 913 4237 vico]
948 4167 1141 4223 Forum
1168 4168 1457 4225 Gallorum.
1505 4201 1573 4210 —
1609 4171 1955 4239 processerit]
1993 4170 2242 4241 Subjekt:
2280 4171 2563 4228 (iuterim
2598 4187 2790 4227 eorm.
2833 4204 2900 4212 -—

446 4255 760 4322 circumire]
808 4255 1073 4310 Antonius
1120 4257 1273 4311 hatte
1320 4258 1496 4312 seinen
1540 4258 1720 4312 linken
1754 4258 1940 4327 Fliigel
1985 4259 2094 4314 500
2127 4259 2335 4313 Schritt
2384 4260 2904 4328 zuriickgenommen‚

448 4344 677 4411 weniger
711 4343 828 4397 weil
864 4360 922 4396 er
955 4344 1270 4412 geschlagen
1304 4361 1428 4410 war,
1465 4346 1546 4399 als
1584 4346 1700 4400 weil
1734 4362 1794 4399 er
1830 4346 1970 4400 seine
2005 4346 2235 4401 Reiterei
2271 4347 2387 4400 dem
2426 4347 2905 4417 nachdrangenden
