<?xml version="1.0" encoding="UTF-8"?>
<!DOCTYPE html PUBLIC "-//W3C//DTD XHTML 1.0 Transitional//EN"
    "http://www.w3.org/TR/xhtml1/DTD/xhtml1-transitional.dtd">
<html xmlns="http://www.w3.org/1999/xhtml" xml:lang="en" lang="en">
 <head>
  <title>
</title>
<meta http-equiv="Content-Type" content="text/html;charset=utf-8" />
  <meta name='ocr-system' content='tesseract 3.04.00' />
  <meta name='ocr-capabilities' content='ocr_page ocr_carea ocr_par ocr_line ocrx_word'/>
</head>
<body>
  <div class='ocr_page' id='page_1' title='image "./epistulaeselect01dettgoog_0198.png"; bbox 0 0 3146 4826; ppageno 0'>
   <div class='ocr_carea' id='block_1_1' title="bbox 441 255 2136 329">
    <p class='ocr_par' dir='ltr' id='par_1_1' title="bbox 441 255 2136 329">
     <span class='ocr_line' id='line_1_1' title="bbox 441 255 2136 329; baseline -0.004 -11"><span class='ocrx_word' id='word_1_1' title='bbox 441 257 549 318; x_wconf 80' lang='lat'><strong>184</strong></span> <span class='ocrx_word' id='word_1_2' title='bbox 619 255 636 270; x_wconf 75' lang='lat'><strong><em>⁹</em></strong></span> <span class='ocrx_word' id='word_1_3' title='bbox 1204 260 1463 314; x_wconf 87' lang='lat' dir='ltr'><strong>Ciceronis</strong></span> <span class='ocrx_word' id='word_1_4' title='bbox 1500 260 1758 329; x_wconf 76' lang='lat' dir='ltr'><strong>epistulae</strong></span> <span class='ocrx_word' id='word_1_5' title='bbox 1796 260 2016 313; x_wconf 74' lang='lat' dir='ltr'><strong>selectae</strong></span> <span class='ocrx_word' id='word_1_6' title='bbox 2052 260 2136 313; x_wconf 91' lang='lat' dir='ltr'><strong>IL.</strong></span> 
     </span>
    </p>
   </div>
   <div class='ocr_carea' id='block_1_2' title="bbox 390 419 2920 2521">
    <p class='ocr_par' dir='ltr' id='par_1_2' title="bbox 439 419 2918 1456">
     <span class='ocr_line' id='line_1_2' title="bbox 619 419 2918 502; baseline -0.001 -18"><span class='ocrx_word' id='word_1_7' title='bbox 619 422 715 485; x_wconf 94' lang='lat' dir='ltr'><strong>De</strong></span> <span class='ocrx_word' id='word_1_8' title='bbox 762 422 997 486; x_wconf 87' lang='lat' dir='ltr'><strong>nostris</strong></span> <span class='ocrx_word' id='word_1_9' title='bbox 1031 422 1248 485; x_wconf 88' lang='lat' dir='ltr'><strong>autem</strong></span> <span class='ocrx_word' id='word_1_10' title='bbox 1279 419 1647 485; x_wconf 78' lang='lat' dir='ltr'><strong>Antiatibus</strong></span> <span class='ocrx_word' id='word_1_11' title='bbox 1696 420 1853 484; x_wconf 90' lang='lat' dir='ltr'><strong>satis</strong></span> <span class='ocrx_word' id='word_1_12' title='bbox 1893 419 2151 485; x_wconf 83' lang='lat' dir='ltr'><strong>videbar</strong></span> <span class='ocrx_word' id='word_1_13' title='bbox 2194 420 2382 502; x_wconf 88' lang='lat' dir='ltr'><strong>plane</strong></span> <span class='ocrx_word' id='word_1_14' title='bbox 2431 419 2780 502; x_wconf 78' lang='lat' dir='ltr'><strong>scripsisse,</strong></span> <span class='ocrx_word' id='word_1_15' title='bbox 2830 421 2918 482; x_wconf 86' lang='lat' dir='ltr'><strong>ut</strong></span> 
     </span>
     <span class='ocr_line' id='line_1_3' title="bbox 439 525 2914 609; baseline -0.001 -18"><span class='ocrx_word' id='word_1_16' title='bbox 439 546 568 591; x_wconf 90' lang='lat' dir='ltr'><strong>non</strong></span> <span class='ocrx_word' id='word_1_17' title='bbox 613 527 957 604; x_wconf 78' lang='lat' dir='ltr'><strong>dubitares,</strong></span> <span class='ocrx_word' id='word_1_18' title='bbox 1004 527 1159 609; x_wconf 88' lang='lat' dir='ltr'><strong>quin</strong></span> <span class='ocrx_word' id='word_1_19' title='bbox 1205 528 1419 591; x_wconf 89' lang='lat' dir='ltr'><strong>essent</strong></span> <span class='ocrx_word' id='word_1_20' title='bbox 1465 526 1650 590; x_wconf 89' lang='lat' dir='ltr'><strong>otiosi</strong></span> <span class='ocrx_word' id='word_1_21' title='bbox 1695 525 1898 589; x_wconf 87' lang='lat' dir='ltr'><strong>futuri</strong></span> <span class='ocrx_word' id='word_1_22' title='bbox 1944 526 2249 607; x_wconf 89' lang='lat' dir='ltr'><strong>usurique</strong></span> <span class='ocrx_word' id='word_1_23' title='bbox 2295 525 2596 590; x_wconf 88' lang='lat' dir='ltr'><strong>beneficio</strong></span> <span class='ocrx_word' id='word_1_24' title='bbox 2638 525 2914 589; x_wconf 83' lang='lat' dir='ltr'><strong>Antonii</strong></span> 
     </span>
     <span class='ocr_line' id='line_1_4' title="bbox 442 631 2913 715; baseline -0.002 -15"><span class='ocrx_word' id='word_1_25' title='bbox 442 633 914 702; x_wconf 81' lang='lat' dir='ltr'><strong>contumelioso.</strong></span> <span class='ocrx_word' id='word_1_26' title='bbox 992 632 1330 698; x_wconf 82' lang='lat' dir='ltr'><strong>Cassius</strong></span> <span class='ocrx_word' id='word_1_27' title='bbox 1377 631 2002 696; x_wconf 82' lang='lat' dir='ltr'><strong>frumentariam</strong></span> <span class='ocrx_word' id='word_1_28' title='bbox 2048 650 2212 696; x_wconf 88' lang='lat' dir='ltr'><strong>rem</strong></span> <span class='ocrx_word' id='word_1_29' title='bbox 2259 632 2913 715; x_wconf 66' lang='lat' dir='ltr'><strong>aspernabatun</strong></span> 
     </span>
     <span class='ocr_line' id='line_1_5' title="bbox 443 737 2909 804; baseline -0.002 0"><span class='ocrx_word' id='word_1_30' title='bbox 443 756 585 804; x_wconf 87' lang='lat' dir='ltr'><strong>eam</strong></span> <span class='ocrx_word' id='word_1_31' title='bbox 649 737 916 804; x_wconf 86' lang='lat' dir='ltr'><strong>Servilia</strong></span> <span class='ocrx_word' id='word_1_32' title='bbox 984 738 1384 803; x_wconf 75' lang='lat' dir='ltr'><strong>sublatur-am</strong></span> <span class='ocrx_word' id='word_1_33' title='bbox 1455 755 1530 803; x_wconf 82' lang='lat' dir='ltr'><strong>ex</strong></span> <span class='ocrx_word' id='word_1_34' title='bbox 1599 739 1859 802; x_wconf 87' lang='lat' dir='ltr'><strong>senatus</strong></span> <span class='ocrx_word' id='word_1_35' title='bbox 1929 738 2215 802; x_wconf 88' lang='lat' dir='ltr'><strong>consulto</strong></span> <span class='ocrx_word' id='word_1_36' title='bbox 2285 756 2353 801; x_wconf 89' lang='lat' dir='ltr'><strong>se</strong></span> <span class='ocrx_word' id='word_1_37' title='bbox 2424 756 2562 802; x_wconf 90' lang='lat' dir='ltr'><strong>esse</strong></span> <span class='ocrx_word' id='word_1_38' title='bbox 2627 738 2909 803; x_wconf 88' lang='lat' dir='ltr'><strong>dicebat.</strong></span> 
     </span>
     <span class='ocr_line' id='line_1_6' title="bbox 441 842 2909 927; baseline -0.001 -19"><span class='ocrx_word' id='word_1_39' title='bbox 441 845 741 910; x_wconf 88' lang='lat' dir='ltr'><strong>Noster</strong></span> <span class='ocrx_word' id='word_1_40' title='bbox 787 864 961 922; x_wconf 85' lang='lat' dir='ltr'><strong>vero,</strong></span> <span class='ocrx_word' id='word_1_41' title='bbox 1020 842 1136 910; x_wconf 83' lang='grc' dir='ltr'><strong>καὶ</strong></span> <span class='ocrx_word' id='word_1_42' title='bbox 1180 843 1362 926; x_wconf 80' lang='grc' dir='ltr'><strong><em>μάλα</em></strong></span> <span class='ocrx_word' id='word_1_43' title='bbox 1407 855 1682 927; x_wconf 80' lang='grc' dir='ltr'><strong><em>σεμνῶς,</em></strong></span> <span class='ocrx_word' id='word_1_44' title='bbox 1744 845 1824 908; x_wconf 85' lang='grc'><strong>111</strong></span> <span class='ocrx_word' id='word_1_45' title='bbox 1868 845 2172 921; x_wconf 85' lang='lat' dir='ltr'><strong>Asiam,</strong></span> <span class='ocrx_word' id='word_1_46' title='bbox 2228 846 2452 927; x_wconf 90' lang='lat' dir='ltr'><strong>postea</strong></span> <span class='ocrx_word' id='word_1_47' title='bbox 2499 862 2693 926; x_wconf 88' lang='lat' dir='ltr'><strong>quam</strong></span> <span class='ocrx_word' id='word_1_48' title='bbox 2737 845 2909 908; x_wconf 82' lang='lat' dir='ltr'><strong>mihi</strong></span> 
     </span>
     <span class='ocr_line' id='line_1_7' title="bbox 442 949 2908 1033; baseline -0 -19"><span class='ocrx_word' id='word_1_49' title='bbox 442 953 544 1015; x_wconf 88' lang='lat' dir='ltr'><strong>est</strong></span> <span class='ocrx_word' id='word_1_50' title='bbox 591 950 901 1016; x_wconf 84' lang='lat' dir='ltr'><strong>adsensus</strong></span> <span class='ocrx_word' id='word_1_51' title='bbox 948 953 1090 1016; x_wconf 89' lang='lat' dir='ltr'><strong>tuto</strong></span> <span class='ocrx_word' id='word_1_52' title='bbox 1138 970 1204 1016; x_wconf 89' lang='lat' dir='ltr'><strong>se</strong></span> <span class='ocrx_word' id='word_1_53' title='bbox 1235 952 1476 1016; x_wconf 86' lang='lat' dir='ltr'><strong>Romae</strong></span> <span class='ocrx_word' id='word_1_54' title='bbox 1525 969 1664 1015; x_wconf 89' lang='lat' dir='ltr'><strong>esse</strong></span> <span class='ocrx_word' id='word_1_55' title='bbox 1712 968 1838 1014; x_wconf 91' lang='lat' dir='ltr'><strong>non</strong></span> <span class='ocrx_word' id='word_1_56' title='bbox 1882 968 2066 1033; x_wconf 90' lang='lat' dir='ltr'><strong>posse</strong></span> <span class='ocrx_word' id='word_1_57' title='bbox 2103 988 2182 997; x_wconf 93' lang='lat'>—</span> <span class='ocrx_word' id='word_1_58' title='bbox 2217 949 2400 1015; x_wconf 91' lang='lat' dir='ltr'><strong>ludos</strong></span> <span class='ocrx_word' id='word_1_59' title='bbox 2448 950 2619 1015; x_wconf 89' lang='lat' dir='ltr'><strong>enim</strong></span> <span class='ocrx_word' id='word_1_60' title='bbox 2667 952 2908 1015; x_wconf 86' lang='lat' dir='ltr'><strong>absens</strong></span> 
     </span>
     <span class='ocr_line' id='line_1_8' title="bbox 441 1056 2909 1139; baseline 0 -20"><span class='ocrx_word' id='word_1_61' title='bbox 441 1056 647 1122; x_wconf 88' lang='lat' dir='ltr'><strong>facere</strong></span> <span class='ocrx_word' id='word_1_62' title='bbox 694 1057 981 1122; x_wconf 88' lang='lat' dir='ltr'><strong>malebat</strong></span> <span class='ocrx_word' id='word_1_63' title='bbox 1013 1093 1116 1133; x_wconf 88' lang='lat'><strong>-,</strong></span> <span class='ocrx_word' id='word_1_64' title='bbox 1164 1057 1384 1121; x_wconf 89' lang='lat' dir='ltr'><strong>statim</strong></span> <span class='ocrx_word' id='word_1_65' title='bbox 1432 1057 1524 1120; x_wconf 91' lang='lat' dir='ltr'><strong>ait</strong></span> <span class='ocrx_word' id='word_1_66' title='bbox 1572 1075 1640 1121; x_wconf 89' lang='lat' dir='ltr'><strong>se</strong></span> <span class='ocrx_word' id='word_1_67' title='bbox 1686 1056 1949 1133; x_wconf 89' lang='lat' dir='ltr'><strong>iturum,</strong></span> <span class='ocrx_word' id='word_1_68' title='bbox 1999 1056 2192 1120; x_wconf 92' lang='lat' dir='ltr'><strong>simul</strong></span> <span class='ocrx_word' id='word_1_69' title='bbox 2238 1074 2312 1121; x_wconf 90' lang='lat' dir='ltr'><strong>ac</strong></span> <span class='ocrx_word' id='word_1_70' title='bbox 2357 1056 2656 1121; x_wconf 91' lang='lat' dir='ltr'><strong>ludorum</strong></span> <span class='ocrx_word' id='word_1_71' title='bbox 2704 1074 2909 1139; x_wconf 90' lang='lat' dir='ltr'><strong>appa—</strong></span> 
     </span>
     <span class='ocr_line' id='line_1_9' title="bbox 441 1161 2915 1244; baseline 0 -19"><span class='ocrx_word' id='word_1_72' title='bbox 441 1164 657 1227; x_wconf 85' lang='lat' dir='ltr'><strong>ratum</strong></span> <span class='ocrx_word' id='word_1_73' title='bbox 688 1164 784 1240; x_wconf 89' lang='lat' dir='ltr'><strong>iis,</strong></span> <span class='ocrx_word' id='word_1_74' title='bbox 831 1163 942 1244; x_wconf 88' lang='lat' dir='ltr'><strong>qui</strong></span> <span class='ocrx_word' id='word_1_75' title='bbox 974 1162 1260 1227; x_wconf 85' lang='lat' dir='ltr'><strong>curaturi</strong></span> <span class='ocrx_word' id='word_1_76' title='bbox 1292 1165 1523 1239; x_wconf 87' lang='lat' dir='ltr'><strong>essent,</strong></span> <span class='ocrx_word' id='word_1_77' title='bbox 1571 1161 1958 1227; x_wconf 82' lang='lat' dir='ltr'><strong>tradidisset.</strong></span> <span class='ocrx_word' id='word_1_78' title='bbox 2033 1162 2305 1244; x_wconf 85' lang='lat' dir='ltr'><strong>Navigia</strong></span> <span class='ocrx_word' id='word_1_79' title='bbox 2354 1162 2712 1244; x_wconf 78' lang='lat' dir='ltr'><strong>colligebat,</strong></span> <span class='ocrx_word' id='word_1_80' title='bbox 2760 1166 2915 1227; x_wconf 84' lang='lat' dir='ltr'><strong>erat</strong></span> 
     </span>
     <span class='ocr_line' id='line_1_10' title="bbox 443 1268 2911 1341; baseline -0 -8"><span class='ocrx_word' id='word_1_81' title='bbox 443 1270 694 1334; x_wconf 90' lang='lat' dir='ltr'><strong>animus</strong></span> <span class='ocrx_word' id='word_1_82' title='bbox 754 1270 821 1333; x_wconf 91' lang='lat' dir='ltr'><strong>in</strong></span> <span class='ocrx_word' id='word_1_83' title='bbox 883 1288 1091 1334; x_wconf 85' lang='lat' dir='ltr'><strong>cursu.</strong></span> <span class='ocrx_word' id='word_1_84' title='bbox 1194 1268 1451 1333; x_wconf 86' lang='lat' dir='ltr'><strong>Interea</strong></span> <span class='ocrx_word' id='word_1_85' title='bbox 1509 1268 1576 1331; x_wconf 91' lang='lat' dir='ltr'><strong>in</strong></span> <span class='ocrx_word' id='word_1_86' title='bbox 1637 1268 1840 1333; x_wconf 88' lang='lat' dir='ltr'><strong>isdem</strong></span> <span class='ocrx_word' id='word_1_87' title='bbox 1896 1269 2050 1333; x_wconf 89' lang='lat' dir='ltr'><strong>locis</strong></span> <span class='ocrx_word' id='word_1_88' title='bbox 2115 1270 2299 1333; x_wconf 88' lang='lat' dir='ltr'><strong>erant</strong></span> <span class='ocrx_word' id='word_1_89' title='bbox 2353 1268 2591 1341; x_wconf 86' lang='lat' dir='ltr'><strong>futuri;</strong></span> <span class='ocrx_word' id='word_1_90' title='bbox 2650 1268 2911 1332; x_wconf 87' lang='lat' dir='ltr'><strong>Brutus</strong></span> 
     </span>
     <span class='ocr_line' id='line_1_11' title="bbox 444 1375 1767 1456; baseline -0.001 -17"><span class='ocrx_word' id='word_1_91' title='bbox 444 1375 701 1456; x_wconf 90' lang='lat' dir='ltr'><strong>quidem</strong></span> <span class='ocrx_word' id='word_1_92' title='bbox 749 1394 815 1439; x_wconf 90' lang='lat' dir='ltr'><strong>se</strong></span> <span class='ocrx_word' id='word_1_93' title='bbox 864 1376 1075 1440; x_wconf 90' lang='lat' dir='ltr'><strong>aiebat</strong></span> <span class='ocrx_word' id='word_1_94' title='bbox 1119 1376 1413 1439; x_wconf 89' lang='lat' dir='ltr'><strong>Asturae.</strong></span> <span class='ocrx_word' id='word_1_95' title='bbox 1760 1387 1767 1395; x_wconf 85' lang='grc'><em>“</em></span> 
     </span>
    </p>

    <p class='ocr_par' dir='ltr' id='par_1_3' title="bbox 390 1480 2915 1886">
     <span class='ocr_line' id='line_1_12' title="bbox 390 1480 2912 1564; baseline 0.001 -21"><span class='ocrx_word' id='word_1_96' title='bbox 390 1501 419 1543; x_wconf 81' lang='lat'><em>2</em></span> <span class='ocrx_word' id='word_1_97' title='bbox 620 1482 690 1545; x_wconf 90' lang='lat' dir='ltr'><strong>L.</strong></span> <span class='ocrx_word' id='word_1_98' title='bbox 738 1481 1058 1564; x_wconf 88' lang='lat' dir='ltr'><strong>quidem</strong></span> <span class='ocrx_word' id='word_1_99' title='bbox 1098 1481 1509 1546; x_wconf 79' lang='lat' dir='ltr'><strong>Antonius</strong></span> <span class='ocrx_word' id='word_1_100' title='bbox 1556 1480 1906 1545; x_wconf 87' lang='lat' dir='ltr'><strong>liberaliter</strong></span> <span class='ocrx_word' id='word_1_101' title='bbox 1950 1481 2183 1545; x_wconf 89' lang='lat' dir='ltr'><strong>litteris</strong></span> <span class='ocrx_word' id='word_1_102' title='bbox 2230 1481 2363 1546; x_wconf 89' lang='lat' dir='ltr'><strong>sine</strong></span> <span class='ocrx_word' id='word_1_103' title='bbox 2412 1499 2565 1545; x_wconf 89' lang='lat' dir='ltr'><strong>cura</strong></span> <span class='ocrx_word' id='word_1_104' title='bbox 2610 1500 2715 1545; x_wconf 92' lang='lat' dir='ltr'><strong>me</strong></span> <span class='ocrx_word' id='word_1_105' title='bbox 2765 1500 2912 1546; x_wconf 85' lang='lat' dir='ltr'><strong>esse</strong></span> 
     </span>
     <span class='ocr_line' id='line_1_13' title="bbox 442 1587 2912 1667; baseline 0 -17"><span class='ocrx_word' id='word_1_106' title='bbox 442 1589 651 1653; x_wconf 87' lang='lat' dir='ltr'><strong>iubet:</strong></span> <span class='ocrx_word' id='word_1_107' title='bbox 699 1588 900 1653; x_wconf 91' lang='lat' dir='ltr'><strong>habeo</strong></span> <span class='ocrx_word' id='word_1_108' title='bbox 931 1608 1133 1653; x_wconf 89' lang='lat' dir='ltr'><strong>unum</strong></span> <span class='ocrx_word' id='word_1_109' title='bbox 1163 1588 1576 1667; x_wconf 82' lang='lat' dir='ltr'><strong>beneficium3</strong></span> <span class='ocrx_word' id='word_1_110' title='bbox 1626 1588 1900 1651; x_wconf 90' lang='lat' dir='ltr'><strong>alterum</strong></span> <span class='ocrx_word' id='word_1_111' title='bbox 1932 1587 2217 1663; x_wconf 90' lang='lat' dir='ltr'><strong>fortasse,</strong></span> <span class='ocrx_word' id='word_1_112' title='bbox 2267 1587 2321 1651; x_wconf 92' lang='lat' dir='ltr'><strong>si</strong></span> <span class='ocrx_word' id='word_1_113' title='bbox 2364 1588 2434 1651; x_wconf 90' lang='lat' dir='ltr'><strong>in</strong></span> <span class='ocrx_word' id='word_1_114' title='bbox 2463 1588 2912 1652; x_wconf 86' lang='lat' dir='ltr'><strong>Tusculanum</strong></span> 
     </span>
     <span class='ocr_line' id='line_1_14' title="bbox 444 1691 2915 1776; baseline -0 -17"><span class='ocrx_word' id='word_1_115' title='bbox 444 1695 705 1759; x_wconf 85' lang='lat' dir='ltr'><strong>venerit.</strong></span> <span class='ocrx_word' id='word_1_116' title='bbox 798 1694 851 1760; x_wconf 91' lang='grc' dir='ltr'><strong>Ο</strong></span> <span class='ocrx_word' id='word_1_117' title='bbox 898 1695 1153 1776; x_wconf 88' lang='lat' dir='ltr'><strong>negotia</strong></span> <span class='ocrx_word' id='word_1_118' title='bbox 1197 1713 1324 1759; x_wconf 93' lang='lat' dir='ltr'><strong>non</strong></span> <span class='ocrx_word' id='word_1_119' title='bbox 1371 1693 1671 1759; x_wconf 85' lang='lat' dir='ltr'><strong>ferenda!</strong></span> <span class='ocrx_word' id='word_1_120' title='bbox 1751 1692 1929 1772; x_wconf 84' lang='lat' dir='ltr'><strong>Quae</strong></span> <span class='ocrx_word' id='word_1_121' title='bbox 1976 1693 2274 1758; x_wconf 88' lang='lat' dir='ltr'><strong>feruntur</strong></span> <span class='ocrx_word' id='word_1_122' title='bbox 2320 1695 2553 1759; x_wconf 89' lang='lat' dir='ltr'><strong>tamen.</strong></span> <span class='ocrx_word' id='word_1_123' title='bbox 2640 1699 2788 1758; x_wconf 81' lang='grc' dir='ltr'><strong>Τῶν</strong></span> <span class='ocrx_word' id='word_1_124' title='bbox 2833 1691 2915 1758; x_wconf 77' lang='grc' dir='ltr'><strong>δὲ</strong></span> 
     </span>
     <span class='ocr_line' id='line_1_15' title="bbox 445 1795 2864 1886; baseline -0.001 -22"><span class='ocrx_word' id='word_1_125' title='bbox 445 1796 665 1865; x_wconf 78' lang='grc' dir='ltr'><strong><em>αἰτίαν</em></strong></span> <span class='ocrx_word' id='word_1_126' title='bbox 707 1813 839 1864; x_wconf 80' lang='grc' dir='ltr'><strong>τῶν</strong></span> <span class='ocrx_word' id='word_1_127' title='bbox 884 1800 1187 1886; x_wconf 78' lang='grc' dir='ltr'><em>Βρούτων</em></span> <span class='ocrx_word' id='word_1_128' title='bbox 1230 1824 1332 1876; x_wconf 80' lang='grc' dir='ltr'><strong>τις</strong></span> <span class='ocrx_word' id='word_1_129' title='bbox 1378 1795 1505 1881; x_wconf 53' lang='grc' dir='ltr'><strong>ἐᾶει</strong></span> <span class='ocrx_word' id='word_1_130' title='bbox 1520 1800 1545 1862; x_wconf 89' lang='lat'><strong><em>!</em></strong></span> <span class='ocrx_word' id='word_1_131' title='bbox 2860 1818 2864 1822; x_wconf 90' lang='grc'><strong><em>·</em></strong></span> 
     </span>
    </p>

    <p class='ocr_par' dir='ltr' id='par_1_4' title="bbox 447 1905 2920 2521">
     <span class='ocr_line' id='line_1_16' title="bbox 621 1905 2913 1989; baseline -0 -19"><span class='ocrx_word' id='word_1_132' title='bbox 621 1906 712 1970; x_wconf 90' lang='grc' dir='ltr'><strong>Ι11</strong></span> <span class='ocrx_word' id='word_1_133' title='bbox 783 1905 1264 1983; x_wconf 89' lang='lat' dir='ltr'><strong>Octaviano,</strong></span> <span class='ocrx_word' id='word_1_134' title='bbox 1341 1908 1430 1970; x_wconf 90' lang='lat' dir='ltr'><strong>ut</strong></span> <span class='ocrx_word' id='word_1_135' title='bbox 1496 1907 1911 1989; x_wconf 83' lang='lat' dir='ltr'><strong>perspexi,</strong></span> <span class='ocrx_word' id='word_1_136' title='bbox 1989 1906 2200 1970; x_wconf 88' lang='lat' dir='ltr'><strong>satis</strong></span> <span class='ocrx_word' id='word_1_137' title='bbox 2268 1906 2612 1987; x_wconf 88' lang='lat' dir='ltr'><strong>ingenii,</strong></span> <span class='ocrx_word' id='word_1_138' title='bbox 2685 1908 2913 1971; x_wconf 90' lang='lat' dir='ltr'><strong>satis</strong></span> 
     </span>
     <span class='ocr_line' id='line_1_17' title="bbox 447 2012 2915 2099; baseline 0 -23"><span class='ocrx_word' id='word_1_139' title='bbox 447 2013 722 2090; x_wconf 87' lang='lat' dir='ltr'><strong>animi,</strong></span> <span class='ocrx_word' id='word_1_140' title='bbox 769 2012 1228 2095; x_wconf 87' lang='lat' dir='ltr'><strong>videbaturque</strong></span> <span class='ocrx_word' id='word_1_141' title='bbox 1261 2031 1412 2094; x_wconf 88' lang='lat' dir='ltr'><strong>erga</strong></span> <span class='ocrx_word' id='word_1_142' title='bbox 1441 2014 1695 2077; x_wconf 91' lang='lat' dir='ltr'><strong>nostros</strong></span> <span class='ocrx_word' id='word_1_143' title='bbox 1726 2012 1943 2099; x_wconf 77' lang='grc' dir='ltr'><em>ἥρωας</em></span> <span class='ocrx_word' id='word_1_144' title='bbox 1987 2013 2080 2077; x_wconf 91' lang='lat' dir='ltr'><strong>ita</strong></span> <span class='ocrx_word' id='word_1_145' title='bbox 2124 2012 2274 2090; x_wconf 88' lang='lat' dir='ltr'><strong>fore,</strong></span> <span class='ocrx_word' id='word_1_146' title='bbox 2319 2015 2397 2076; x_wconf 92' lang='lat' dir='ltr'><strong>ut</strong></span> <span class='ocrx_word' id='word_1_147' title='bbox 2427 2031 2541 2077; x_wconf 90' lang='lat' dir='ltr'><strong>nos</strong></span> <span class='ocrx_word' id='word_1_148' title='bbox 2572 2014 2915 2087; x_wconf 80' lang='lat' dir='ltr'><strong>vellemuS‚</strong></span> 
     </span>
     <span class='ocr_line' id='line_1_18' title="bbox 448 2118 2915 2200; baseline 0 -18"><span class='ocrx_word' id='word_1_149' title='bbox 448 2119 787 2183; x_wconf 87' lang='lat' dir='ltr'><strong>animatus.</strong></span> <span class='ocrx_word' id='word_1_150' title='bbox 859 2118 1012 2183; x_wconf 85' lang='lat' dir='ltr'><strong>Sed</strong></span> <span class='ocrx_word' id='word_1_151' title='bbox 1060 2118 1252 2200; x_wconf 88' lang='lat' dir='ltr'><strong>quid</strong></span> <span class='ocrx_word' id='word_1_152' title='bbox 1300 2119 1563 2183; x_wconf 88' lang='lat' dir='ltr'><strong>aetati</strong></span> <span class='ocrx_word' id='word_1_153' title='bbox 1609 2119 2098 2183; x_wconf 90' lang='lat' dir='ltr'><strong>credendum</strong></span> <span class='ocrx_word' id='word_1_154' title='bbox 2148 2119 2282 2195; x_wconf 90' lang='lat' dir='ltr'><strong>sit,</strong></span> <span class='ocrx_word' id='word_1_155' title='bbox 2329 2118 2525 2200; x_wconf 89' lang='lat' dir='ltr'><strong>quid</strong></span> <span class='ocrx_word' id='word_1_156' title='bbox 2568 2119 2915 2196; x_wconf 92' lang='lat' dir='ltr'><strong>nomini,</strong></span> 
     </span>
     <span class='ocr_line' id='line_1_19' title="bbox 449 2225 2918 2312; baseline -0 -23"><span class='ocrx_word' id='word_1_157' title='bbox 449 2225 643 2306; x_wconf 90' lang='lat' dir='ltr'><strong>quid</strong></span> <span class='ocrx_word' id='word_1_158' title='bbox 687 2225 1184 2301; x_wconf 90' lang='lat' dir='ltr'><strong>hereditati,</strong></span> <span class='ocrx_word' id='word_1_159' title='bbox 1244 2225 1440 2307; x_wconf 89' lang='lat' dir='ltr'><strong>quid</strong></span> <span class='ocrx_word' id='word_1_160' title='bbox 1501 2225 1978 2312; x_wconf 83' lang='grc' dir='ltr'><strong><em>κατηχήσει,</em></strong></span> <span class='ocrx_word' id='word_1_161' title='bbox 2039 2225 2308 2307; x_wconf 85' lang='lat' dir='ltr'><strong>magni</strong></span> <span class='ocrx_word' id='word_1_162' title='bbox 2363 2225 2706 2290; x_wconf 89' lang='lat' dir='ltr'><strong>consilii</strong></span> <span class='ocrx_word' id='word_1_163' title='bbox 2761 2228 2918 2290; x_wconf 87' lang='lat' dir='ltr'><strong>est.</strong></span> 
     </span>
     <span class='ocr_line' id='line_1_20' title="bbox 447 2330 2914 2413; baseline 0.001 -19"><span class='ocrx_word' id='word_1_164' title='bbox 447 2331 734 2395; x_wconf 87' lang='lat' dir='ltr'><strong>Vitricus</strong></span> <span class='ocrx_word' id='word_1_165' title='bbox 778 2330 1035 2413; x_wconf 88' lang='lat' dir='ltr'><strong>quidem</strong></span> <span class='ocrx_word' id='word_1_166' title='bbox 1075 2331 1236 2395; x_wconf 93' lang='lat' dir='ltr'><strong>nihil</strong></span> <span class='ocrx_word' id='word_1_167' title='bbox 1267 2332 1584 2409; x_wconf 89' lang='lat' dir='ltr'><strong>censebat,</strong></span> <span class='ocrx_word' id='word_1_168' title='bbox 1631 2350 1822 2413; x_wconf 88' lang='lat' dir='ltr'><strong>quem</strong></span> <span class='ocrx_word' id='word_1_169' title='bbox 1853 2334 2132 2396; x_wconf 89' lang='lat' dir='ltr'><strong>Asturae</strong></span> <span class='ocrx_word' id='word_1_170' title='bbox 2163 2332 2456 2396; x_wconf 87' lang='lat' dir='ltr'><strong>vidimus.</strong></span> <span class='ocrx_word' id='word_1_171' title='bbox 2527 2330 2652 2396; x_wconf 85' lang='lat' dir='ltr'><strong>Sed</strong></span> <span class='ocrx_word' id='word_1_172' title='bbox 2684 2334 2914 2396; x_wconf 88' lang='lat' dir='ltr'><strong>tamen</strong></span> 
     </span>
     <span class='ocr_line' id='line_1_21' title="bbox 450 2437 2920 2521; baseline 0.001 -20"><span class='ocrx_word' id='word_1_173' title='bbox 450 2437 799 2502; x_wconf 88' lang='lat' dir='ltr'><strong>alendus</strong></span> <span class='ocrx_word' id='word_1_174' title='bbox 848 2440 972 2501; x_wconf 88' lang='lat' dir='ltr'><strong>est</strong></span> <span class='ocrx_word' id='word_1_175' title='bbox 1019 2440 1129 2514; x_wconf 88' lang='lat' dir='ltr'><strong>et,</strong></span> <span class='ocrx_word' id='word_1_176' title='bbox 1189 2440 1276 2502; x_wconf 90' lang='lat' dir='ltr'><strong>ut</strong></span> <span class='ocrx_word' id='word_1_177' title='bbox 1330 2439 1544 2502; x_wconf 91' lang='lat' dir='ltr'><strong>nihil</strong></span> <span class='ocrx_word' id='word_1_178' title='bbox 1601 2438 1859 2516; x_wconf 88' lang='lat' dir='ltr'><strong>aliud,</strong></span> <span class='ocrx_word' id='word_1_179' title='bbox 1916 2440 2010 2503; x_wconf 87' lang='lat' dir='ltr'><strong>ab</strong></span> <span class='ocrx_word' id='word_1_180' title='bbox 2056 2439 2406 2503; x_wconf 91' lang='lat' dir='ltr'><strong>Antonio</strong></span> <span class='ocrx_word' id='word_1_181' title='bbox 2464 2440 2920 2521; x_wconf 85' lang='lat' dir='ltr'><strong>seiungen-</strong></span> 
     </span>
    </p>
   </div>
   <div class='ocr_carea' id='block_1_3' title="bbox 446 2581 872 2588">
    <p class='ocr_par' dir='ltr' id='par_1_5' title="bbox 446 2581 872 2588">
     <span class='ocr_line' id='line_1_22' title="bbox 446 2581 872 2588; baseline 0 2238"><span class='ocrx_word' id='word_1_182' title='bbox 446 2581 872 2588; x_wconf 95' lang='lat' dir='ltr'><strong> </strong></span> 
     </span>
    </p>
   </div>
   <div class='ocr_carea' id='block_1_4' title="bbox 450 2664 2923 4329">
    <p class='ocr_par' dir='ltr' id='par_1_6' title="bbox 450 2664 2918 3175">
     <span class='ocr_line' id='line_1_23' title="bbox 450 2664 2918 2737; baseline 0.001 -18"><span class='ocrx_word' id='word_1_183' title='bbox 450 2666 596 2720; x_wconf 79' lang='lat' dir='ltr'><strong>weiie</strong></span> <span class='ocrx_word' id='word_1_184' title='bbox 646 2664 746 2721; x_wconf 87' lang='lat' dir='ltr'><strong>den</strong></span> <span class='ocrx_word' id='word_1_185' title='bbox 783 2666 1057 2720; x_wconf 84' lang='lat' dir='ltr'><strong>Dolabella</strong></span> <span class='ocrx_word' id='word_1_186' title='bbox 1092 2684 1177 2720; x_wconf 91' lang='lat' dir='ltr'><strong>um</strong></span> <span class='ocrx_word' id='word_1_187' title='bbox 1218 2667 1358 2721; x_wconf 84' lang='grc'><strong>881118</strong></span> <span class='ocrx_word' id='word_1_188' title='bbox 1395 2666 1786 2735; x_wconf 84' lang='lat' dir='ltr'><strong>Vermittelung</strong></span> <span class='ocrx_word' id='word_1_189' title='bbox 1821 2683 2175 2735; x_wconf 85' lang='lat' dir='ltr'><strong>angegangen.</strong></span> <span class='ocrx_word' id='word_1_190' title='bbox 2247 2667 2397 2721; x_wconf 89' lang='lat' dir='ltr'><strong>Doch</strong></span> <span class='ocrx_word' id='word_1_191' title='bbox 2445 2668 2539 2720; x_wconf 87' lang='lat' dir='ltr'><strong>das</strong></span> <span class='ocrx_word' id='word_1_192' title='bbox 2588 2668 2810 2722; x_wconf 85' lang='lat' dir='ltr'><strong>schadet</strong></span> <span class='ocrx_word' id='word_1_193' title='bbox 2852 2669 2918 2737; x_wconf 84' lang='lat' dir='ltr'><strong>ja</strong></span> 
     </span>
     <span class='ocr_line' id='line_1_24' title="bbox 451 2754 2918 2822; baseline 0.002 -15"><span class='ocrx_word' id='word_1_194' title='bbox 451 2755 585 2808; x_wconf 89' lang='lat' dir='ltr'><strong>auch</strong></span> <span class='ocrx_word' id='word_1_195' title='bbox 634 2755 826 2809; x_wconf 87' lang='lat' dir='ltr'><strong>nichts.</strong></span> <span class='ocrx_word' id='word_1_196' title='bbox 879 2785 945 2793; x_wconf 88' lang='lat'>-</span> <span class='ocrx_word' id='word_1_197' title='bbox 994 2754 1084 2809; x_wconf 80' lang='lat' dir='ltr'><strong>De</strong></span> <span class='ocrx_word' id='word_1_198' title='bbox 1132 2755 1338 2810; x_wconf 81' lang='lat' dir='ltr'><strong>nostris</strong></span> <span class='ocrx_word' id='word_1_199' title='bbox 1385 2755 1741 2822; x_wconf 75' lang='lat' dir='ltr'><strong>Antiatibus]</strong></span> <span class='ocrx_word' id='word_1_200' title='bbox 1790 2755 1863 2809; x_wconf 88' lang='lat' dir='ltr'><strong>M.</strong></span> <span class='ocrx_word' id='word_1_201' title='bbox 1901 2754 2104 2809; x_wconf 89' lang='lat' dir='ltr'><strong>Brutus</strong></span> <span class='ocrx_word' id='word_1_202' title='bbox 2152 2756 2262 2809; x_wconf 89' lang='lat' dir='ltr'><strong>und</strong></span> <span class='ocrx_word' id='word_1_203' title='bbox 2309 2755 2521 2810; x_wconf 86' lang='lat' dir='ltr'><strong>Cassius</strong></span> <span class='ocrx_word' id='word_1_204' title='bbox 2536 2798 2548 2822; x_wconf 96' lang='lat'><strong>,</strong></span> <span class='ocrx_word' id='word_1_205' title='bbox 2598 2756 2717 2809; x_wconf 86' lang='lat' dir='ltr'><strong>weil</strong></span> <span class='ocrx_word' id='word_1_206' title='bbox 2765 2757 2918 2811; x_wconf 89' lang='lat' dir='ltr'><strong>diese</strong></span> 
     </span>
     <span class='ocr_line' id='line_1_25' title="bbox 450 2842 2918 2912; baseline 0.001 -15"><span class='ocrx_word' id='word_1_207' title='bbox 450 2847 515 2908; x_wconf 90' lang='lat' dir='ltr'><strong>(s.</strong></span> <span class='ocrx_word' id='word_1_208' title='bbox 545 2843 756 2912; x_wconf 84' lang='lat' dir='ltr'><strong>vorigen</strong></span> <span class='ocrx_word' id='word_1_209' title='bbox 782 2843 951 2909; x_wconf 81' lang='lat' dir='ltr'><strong>Brief)</strong></span> <span class='ocrx_word' id='word_1_210' title='bbox 986 2843 1176 2912; x_wconf 84' lang='lat' dir='ltr'><strong>gerade</strong></span> <span class='ocrx_word' id='word_1_211' title='bbox 1211 2843 1267 2896; x_wconf 89' lang='lat' dir='ltr'><strong>in</strong></span> <span class='ocrx_word' id='word_1_212' title='bbox 1302 2842 1523 2897; x_wconf 90' lang='lat' dir='ltr'><strong>Antium</strong></span> <span class='ocrx_word' id='word_1_213' title='bbox 1559 2843 1786 2897; x_wconf 82' lang='lat' dir='ltr'><strong>weilten.</strong></span> <span class='ocrx_word' id='word_1_214' title='bbox 1826 2873 1893 2881; x_wconf 88' lang='lat'><strong>—-</strong></span> <span class='ocrx_word' id='word_1_215' title='bbox 1931 2843 2188 2911; x_wconf 70' lang='lat' dir='ltr'><strong>beneficio</strong></span> <span class='ocrx_word' id='word_1_216' title='bbox 2216 2845 2459 2898; x_wconf 76' lang='lat' dir='ltr'><strong>Antonii</strong></span> <span class='ocrx_word' id='word_1_217' title='bbox 2494 2843 2918 2910; x_wconf 75' lang='lat' dir='ltr'><strong>contumelioso]</strong></span> 
     </span>
     <span class='ocr_line' id='line_1_26' title="bbox 454 2930 2916 3005; baseline 0 -21"><span class='ocrx_word' id='word_1_218' title='bbox 454 2932 555 2985; x_wconf 88' lang='lat' dir='ltr'><strong>den</strong></span> <span class='ocrx_word' id='word_1_219' title='bbox 591 2932 836 3000; x_wconf 83' lang='lat' dir='ltr'><strong>Auftrag,</strong></span> <span class='ocrx_word' id='word_1_220' title='bbox 876 2930 1123 2986; x_wconf 85' lang='lat' dir='ltr'><strong>Getreide</strong></span> <span class='ocrx_word' id='word_1_221' title='bbox 1161 2948 1224 2984; x_wconf 86' lang='lat' dir='ltr'><strong>zu</strong></span> <span class='ocrx_word' id='word_1_222' title='bbox 1261 2932 1528 2999; x_wconf 88' lang='lat' dir='ltr'><strong>besorgen.</strong></span> <span class='ocrx_word' id='word_1_223' title='bbox 1587 2930 1639 2985; x_wconf 83' lang='lat' dir='ltr'><strong>S.</strong></span> <span class='ocrx_word' id='word_1_224' title='bbox 1666 2932 1879 3000; x_wconf 85' lang='lat' dir='ltr'><strong>vorigen</strong></span> <span class='ocrx_word' id='word_1_225' title='bbox 1904 2931 2062 2986; x_wconf 84' lang='lat' dir='ltr'><strong>Brief.</strong></span> <span class='ocrx_word' id='word_1_226' title='bbox 2101 2962 2170 2970; x_wconf 90' lang='lat'><strong>—-</strong></span> <span class='ocrx_word' id='word_1_227' title='bbox 2207 2932 2411 2987; x_wconf 79' lang='lat' dir='ltr'><strong>Noster</strong></span> <span class='ocrx_word' id='word_1_228' title='bbox 2443 2948 2585 2998; x_wconf 76' lang='lat' dir='ltr'><strong>vera,</strong></span> <span class='ocrx_word' id='word_1_229' title='bbox 2621 2936 2715 2985; x_wconf 82' lang='grc' dir='ltr'><strong>καὶ</strong></span> <span class='ocrx_word' id='word_1_230' title='bbox 2749 2935 2916 3005; x_wconf 76' lang='grc' dir='ltr'><strong>μάλα</strong></span> 
     </span>
     <span class='ocr_line' id='line_1_27' title="bbox 453 3018 2915 3092; baseline -0 -18"><span class='ocrx_word' id='word_1_231' title='bbox 453 3021 686 3092; x_wconf 80' lang='grc' dir='ltr'><strong><em>σεμνῶς]</em></strong></span> <span class='ocrx_word' id='word_1_232' title='bbox 739 3019 987 3086; x_wconf 88' lang='lat' dir='ltr'><strong>„Brutus</strong></span> <span class='ocrx_word' id='word_1_233' title='bbox 1025 3020 1133 3073; x_wconf 91' lang='lat' dir='ltr'><strong>und</strong></span> <span class='ocrx_word' id='word_1_234' title='bbox 1172 3036 1306 3073; x_wconf 81' lang='lat' dir='ltr'><strong>zwar</strong></span> <span class='ocrx_word' id='word_1_235' title='bbox 1340 3020 1441 3072; x_wconf 90' lang='lat' dir='ltr'><strong>mit</strong></span> <span class='ocrx_word' id='word_1_236' title='bbox 1476 3019 1592 3072; x_wconf 86' lang='lat' dir='ltr'><strong>dem</strong></span> <span class='ocrx_word' id='word_1_237' title='bbox 1628 3020 1865 3088; x_wconf 71' lang='lat' dir='ltr'><strong>grossten</strong></span> <span class='ocrx_word' id='word_1_238' title='bbox 1901 3019 2093 3073; x_wconf 88' lang='lat' dir='ltr'><strong>Ernste</strong></span> <span class='ocrx_word' id='word_1_239' title='bbox 2107 3022 2155 3074; x_wconf 87' lang='grc'><strong>“.</strong></span> <span class='ocrx_word' id='word_1_240' title='bbox 2205 3050 2274 3058; x_wconf 91' lang='grc'><strong>-</strong></span> <span class='ocrx_word' id='word_1_241' title='bbox 2324 3020 2508 3087; x_wconf 79' lang='lat' dir='ltr'><strong>ludos]</strong></span> <span class='ocrx_word' id='word_1_242' title='bbox 2558 3018 2609 3073; x_wconf 84' lang='lat' dir='ltr'><strong>S.</strong></span> <span class='ocrx_word' id='word_1_243' title='bbox 2647 3019 2806 3074; x_wconf 83' lang='lat' dir='ltr'><strong>Anm.</strong></span> <span class='ocrx_word' id='word_1_244' title='bbox 2849 3037 2915 3073; x_wconf 85' lang='lat' dir='ltr'><strong>zu</strong></span> 
     </span>
     <span class='ocr_line' id='line_1_28' title="bbox 451 3107 2440 3175; baseline 0.001 -15"><span class='ocrx_word' id='word_1_245' title='bbox 451 3110 481 3175; x_wconf 64' lang='grc' dir='ltr'>ξ</span> <span class='ocrx_word' id='word_1_246' title='bbox 517 3109 552 3161; x_wconf 81' lang='grc'>2</span> <span class='ocrx_word' id='word_1_247' title='bbox 591 3108 683 3161; x_wconf 88' lang='grc'><strong>(188</strong></span> <span class='ocrx_word' id='word_1_248' title='bbox 720 3124 825 3161; x_wconf 83' lang='grc'><strong>101.</strong></span> <span class='ocrx_word' id='word_1_249' title='bbox 862 3107 1078 3163; x_wconf 87' lang='lat' dir='ltr'><strong>Briefes.</strong></span> <span class='ocrx_word' id='word_1_250' title='bbox 1117 3136 1185 3147; x_wconf 80' lang='lat'><strong>--</strong></span> <span class='ocrx_word' id='word_1_251' title='bbox 1224 3109 1287 3162; x_wconf 85' lang='lat' dir='ltr'><strong>in</strong></span> <span class='ocrx_word' id='word_1_252' title='bbox 1323 3107 1513 3174; x_wconf 71' lang='lat' dir='ltr'><strong>cursu]</strong></span> <span class='ocrx_word' id='word_1_253' title='bbox 1553 3109 1690 3175; x_wconf 82' lang='lat' dir='ltr'><strong>„auf</strong></span> <span class='ocrx_word' id='word_1_254' title='bbox 1720 3108 1812 3161; x_wconf 88' lang='lat' dir='ltr'><strong>der</strong></span> <span class='ocrx_word' id='word_1_255' title='bbox 1847 3107 2056 3162; x_wconf 84' lang='lat' dir='ltr'><strong>Fahrt“</strong></span> <span class='ocrx_word' id='word_1_256' title='bbox 2094 3108 2228 3162; x_wconf 86' lang='lat' dir='ltr'><strong>nach</strong></span> <span class='ocrx_word' id='word_1_257' title='bbox 2263 3108 2440 3163; x_wconf 87' lang='lat' dir='ltr'><strong>Asien.</strong></span> 
     </span>
    </p>

    <p class='ocr_par' dir='ltr' id='par_1_7' title="bbox 451 3196 2923 4329">
     <span class='ocr_line' id='line_1_29' title="bbox 599 3196 2917 3263; baseline 0.001 -15"><span class='ocrx_word' id='word_1_258' title='bbox 599 3207 645 3249; x_wconf 84' lang='lat'><strong>2.</strong></span> <span class='ocrx_word' id='word_1_259' title='bbox 682 3196 749 3248; x_wconf 87' lang='lat' dir='ltr'><strong>L.</strong></span> <span class='ocrx_word' id='word_1_260' title='bbox 787 3196 1089 3263; x_wconf 80' lang='lat' dir='ltr'><strong>Antonius]</strong></span> <span class='ocrx_word' id='word_1_261' title='bbox 1127 3196 1332 3250; x_wconf 91' lang='lat' dir='ltr'><strong>Bruder</strong></span> <span class='ocrx_word' id='word_1_262' title='bbox 1368 3197 1460 3250; x_wconf 88' lang='lat' dir='ltr'><strong>des</strong></span> <span class='ocrx_word' id='word_1_263' title='bbox 1496 3196 1730 3263; x_wconf 84' lang='lat' dir='ltr'><strong>Marcus,</strong></span> <span class='ocrx_word' id='word_1_264' title='bbox 1771 3196 1970 3250; x_wconf 85' lang='lat' dir='ltr'><strong>damals</strong></span> <span class='ocrx_word' id='word_1_265' title='bbox 2007 3196 2368 3251; x_wconf 84' lang='lat' dir='ltr'><strong>Volkstribun.</strong></span> <span class='ocrx_word' id='word_1_266' title='bbox 2442 3197 2623 3250; x_wconf 88' lang='lat' dir='ltr'><strong>Durch</strong></span> <span class='ocrx_word' id='word_1_267' title='bbox 2658 3197 2753 3250; x_wconf 87' lang='lat' dir='ltr'><strong>ihn</strong></span> <span class='ocrx_word' id='word_1_268' title='bbox 2790 3197 2917 3251; x_wconf 76' lang='lat' dir='ltr'><strong>liess</strong></span> 
     </span>
     <span class='ocr_line' id='line_1_30' title="bbox 451 3282 2918 3354; baseline 0.001 -17"><span class='ocrx_word' id='word_1_269' title='bbox 451 3284 524 3337; x_wconf 82' lang='lat' dir='ltr'><strong>M.</strong></span> <span class='ocrx_word' id='word_1_270' title='bbox 564 3282 745 3337; x_wconf 86' lang='lat' dir='ltr'><strong>Anton</strong></span> <span class='ocrx_word' id='word_1_271' title='bbox 780 3284 864 3337; x_wconf 88' lang='lat' dir='ltr'><strong>ein</strong></span> <span class='ocrx_word' id='word_1_272' title='bbox 900 3284 1247 3353; x_wconf 84' lang='lat' dir='ltr'><strong>Ackergesetz</strong></span> <span class='ocrx_word' id='word_1_273' title='bbox 1284 3284 1606 3352; x_wconf 85' lang='lat' dir='ltr'><strong>einbringen‚</strong></span> <span class='ocrx_word' id='word_1_274' title='bbox 1643 3284 1739 3338; x_wconf 87' lang='lat' dir='ltr'><strong>das</strong></span> <span class='ocrx_word' id='word_1_275' title='bbox 1776 3285 1831 3338; x_wconf 93' lang='lat' dir='ltr'><strong>in</strong></span> <span class='ocrx_word' id='word_1_276' title='bbox 1869 3285 2038 3339; x_wconf 89' lang='lat' dir='ltr'><strong>seiner</strong></span> <span class='ocrx_word' id='word_1_277' title='bbox 2074 3285 2337 3354; x_wconf 83' lang='lat' dir='ltr'><strong>Wirkung</strong></span> <span class='ocrx_word' id='word_1_278' title='bbox 2372 3286 2485 3339; x_wconf 89' lang='lat' dir='ltr'><strong>eine</strong></span> <span class='ocrx_word' id='word_1_279' title='bbox 2522 3285 2918 3354; x_wconf 84' lang='lat' dir='ltr'><strong>umfangreiche</strong></span> 
     </span>
     <span class='ocr_line' id='line_1_31' title="bbox 451 3371 2921 3440; baseline 0.001 -14"><span class='ocrx_word' id='word_1_280' title='bbox 451 3371 900 3440; x_wconf 80' lang='lat' dir='ltr'><strong>Laudanweisung</strong></span> <span class='ocrx_word' id='word_1_281' title='bbox 948 3373 1003 3426; x_wconf 89' lang='lat' dir='ltr'><strong>in</strong></span> <span class='ocrx_word' id='word_1_282' title='bbox 1051 3373 1146 3426; x_wconf 85' lang='lat' dir='ltr'><strong>das</strong></span> <span class='ocrx_word' id='word_1_283' title='bbox 1190 3373 1437 3427; x_wconf 88' lang='lat' dir='ltr'><strong>Belieben</strong></span> <span class='ocrx_word' id='word_1_284' title='bbox 1482 3373 1576 3427; x_wconf 88' lang='lat' dir='ltr'><strong>des</strong></span> <span class='ocrx_word' id='word_1_285' title='bbox 1611 3373 1842 3427; x_wconf 88' lang='lat' dir='ltr'><strong>Konsuls</strong></span> <span class='ocrx_word' id='word_1_286' title='bbox 1892 3373 2086 3427; x_wconf 80' lang='lat' dir='ltr'><strong>stellte.</strong></span> <span class='ocrx_word' id='word_1_287' title='bbox 2160 3374 2271 3428; x_wconf 84' lang='lat' dir='ltr'><strong>Auf</strong></span> <span class='ocrx_word' id='word_1_288' title='bbox 2313 3374 2423 3428; x_wconf 88' lang='grc'><strong>(1188</strong></span> <span class='ocrx_word' id='word_1_289' title='bbox 2461 3372 2650 3428; x_wconf 86' lang='lat' dir='ltr'><strong>Gesetz</strong></span> <span class='ocrx_word' id='word_1_290' title='bbox 2701 3373 2921 3427; x_wconf 84' lang='lat' dir='ltr'><strong>bezieht</strong></span> 
     </span>
     <span class='ocr_line' id='line_1_32' title="bbox 455 3459 2915 3529; baseline 0.001 -17"><span class='ocrx_word' id='word_1_291' title='bbox 455 3459 566 3513; x_wconf 87' lang='lat' dir='ltr'><strong>sich</strong></span> <span class='ocrx_word' id='word_1_292' title='bbox 604 3477 789 3515; x_wconf 88' lang='lat' dir='ltr'><strong>unsere</strong></span> <span class='ocrx_word' id='word_1_293' title='bbox 826 3460 1005 3515; x_wconf 85' lang='lat' dir='ltr'><strong>Stelle.</strong></span> <span class='ocrx_word' id='word_1_294' title='bbox 1081 3460 1258 3516; x_wconf 90' lang='lat' dir='ltr'><strong>Cicero</strong></span> <span class='ocrx_word' id='word_1_295' title='bbox 1294 3462 1461 3515; x_wconf 88' lang='lat' dir='ltr'><strong>meint</strong></span> <span class='ocrx_word' id='word_1_296' title='bbox 1494 3462 1747 3529; x_wconf 87' lang='lat' dir='ltr'><strong>ironisch,</strong></span> <span class='ocrx_word' id='word_1_297' title='bbox 1797 3462 1865 3515; x_wconf 89' lang='lat' dir='ltr'><strong>da</strong></span> <span class='ocrx_word' id='word_1_298' title='bbox 1898 3462 2033 3515; x_wconf 89' lang='lat' dir='ltr'><strong>habe</strong></span> <span class='ocrx_word' id='word_1_299' title='bbox 2069 3479 2125 3515; x_wconf 88' lang='lat' dir='ltr'><strong>er</strong></span> <span class='ocrx_word' id='word_1_300' title='bbox 2162 3462 2296 3516; x_wconf 88' lang='lat' dir='ltr'><strong>doch</strong></span> <span class='ocrx_word' id='word_1_301' title='bbox 2331 3480 2360 3516; x_wconf 96' lang='grc'><strong>8</strong></span> <span class='ocrx_word' id='word_1_302' title='bbox 2373 3463 2391 3516; x_wconf 96' lang='grc'><strong>1</strong></span> <span class='ocrx_word' id='word_1_303' title='bbox 2404 3480 2440 3516; x_wconf 87' lang='grc'><strong>11</strong></span> <span class='ocrx_word' id='word_1_304' title='bbox 2453 3480 2482 3515; x_wconf 89' lang='grc'><strong>8</strong></span> <span class='ocrx_word' id='word_1_305' title='bbox 2520 3461 2915 3529; x_wconf 86' lang='lat' dir='ltr'><strong>„Wohlthat“;</strong></span> 
     </span>
     <span class='ocr_line' id='line_1_33' title="bbox 453 3549 2917 3618; baseline 0.001 -17"><span class='ocrx_word' id='word_1_306' title='bbox 453 3565 602 3602; x_wconf 85' lang='lat' dir='ltr'><strong>wenn</strong></span> <span class='ocrx_word' id='word_1_307' title='bbox 644 3549 792 3618; x_wconf 88' lang='lat' dir='ltr'><strong>jener</strong></span> <span class='ocrx_word' id='word_1_308' title='bbox 842 3550 982 3604; x_wconf 85' lang='lat' dir='ltr'><strong>dann</strong></span> <span class='ocrx_word' id='word_1_309' title='bbox 1031 3552 1166 3603; x_wconf 83' lang='lat' dir='ltr'><strong>etwa</strong></span> <span class='ocrx_word' id='word_1_310' title='bbox 1214 3550 1307 3603; x_wconf 80' lang='lat' dir='ltr'><strong>auf</strong></span> <span class='ocrx_word' id='word_1_311' title='bbox 1350 3551 1460 3604; x_wconf 89' lang='lat' dir='ltr'><strong>sein</strong></span> <span class='ocrx_word' id='word_1_312' title='bbox 1497 3550 1848 3604; x_wconf 84' lang='lat' dir='ltr'><strong>Tusculanum</strong></span> <span class='ocrx_word' id='word_1_313' title='bbox 1885 3552 2115 3617; x_wconf 86' lang='lat' dir='ltr'><strong>komme‚</strong></span> <span class='ocrx_word' id='word_1_314' title='bbox 2168 3568 2257 3605; x_wconf 90' lang='lat' dir='ltr'><strong>um</strong></span> <span class='ocrx_word' id='word_1_315' title='bbox 2304 3552 2397 3604; x_wconf 87' lang='lat' dir='ltr'><strong>ihu</strong></span> <span class='ocrx_word' id='word_1_316' title='bbox 2445 3551 2637 3604; x_wconf 84' lang='lat' dir='ltr'><strong>daraus</strong></span> <span class='ocrx_word' id='word_1_317' title='bbox 2687 3568 2752 3604; x_wconf 88' lang='lat' dir='ltr'><strong>zu</strong></span> <span class='ocrx_word' id='word_1_318' title='bbox 2803 3568 2917 3604; x_wconf 86' lang='grc'><strong>181·-</strong></span> 
     </span>
     <span class='ocr_line' id='line_1_34' title="bbox 454 3629 2920 3710; baseline 0.001 -21"><span class='ocrx_word' id='word_1_319' title='bbox 454 3637 675 3704; x_wconf 87' lang='lat' dir='ltr'><strong>treiben,</strong></span> <span class='ocrx_word' id='word_1_320' title='bbox 703 3638 842 3707; x_wconf 85' lang='lat' dir='ltr'><strong>folge</strong></span> <span class='ocrx_word' id='word_1_321' title='bbox 870 3638 1135 3692; x_wconf 87' lang='lat' dir='ltr'><strong>vielleicht</strong></span> <span class='ocrx_word' id='word_1_322' title='bbox 1162 3639 1245 3692; x_wconf 90' lang='lat' dir='ltr'><strong>die</strong></span> <span class='ocrx_word' id='word_1_323' title='bbox 1272 3639 1467 3693; x_wconf 80' lang='lat' dir='ltr'><strong>zweite.</strong></span> <span class='ocrx_word' id='word_1_324' title='bbox 1498 3669 1565 3678; x_wconf 86' lang='lat'>—</span> <span class='ocrx_word' id='word_1_325' title='bbox 1604 3640 1851 3710; x_wconf 74' lang='lat' dir='ltr'><strong>neyotia]</strong></span> <span class='ocrx_word' id='word_1_326' title='bbox 1891 3639 2288 3707; x_wconf 69' lang='lat' dir='ltr'><strong>„Verhaltnisse</strong></span> <span class='ocrx_word' id='word_1_327' title='bbox 2303 3642 2352 3695; x_wconf 79' lang='lat'><strong>⁸⁸.</strong></span> <span class='ocrx_word' id='word_1_328' title='bbox 2391 3669 2458 3677; x_wconf 92' lang='lat'><strong>—</strong></span> <span class='ocrx_word' id='word_1_329' title='bbox 2497 3650 2606 3694; x_wconf 76' lang='grc' dir='ltr'><strong>τῶν</strong></span> <span class='ocrx_word' id='word_1_330' title='bbox 2642 3640 2729 3706; x_wconf 74' lang='grc' dir='ltr'><strong>δὲ]</strong></span> <span class='ocrx_word' id='word_1_331' title='bbox 2768 3629 2920 3693; x_wconf 71' lang='lat' dir='ltr'><strong>⁷Uber</strong></span> 
     </span>
     <span class='ocr_line' id='line_1_35' title="bbox 455 3726 2923 3798; baseline 0 -19"><span class='ocrx_word' id='word_1_332' title='bbox 455 3726 538 3779; x_wconf 89' lang='lat' dir='ltr'><strong>die</strong></span> <span class='ocrx_word' id='word_1_333' title='bbox 573 3726 966 3795; x_wconf 83' lang='lat' dir='ltr'><strong>gegenseitigen</strong></span> <span class='ocrx_word' id='word_1_334' title='bbox 993 3726 1262 3780; x_wconf 82' lang='lat' dir='ltr'><strong>Vorwiirfe</strong></span> <span class='ocrx_word' id='word_1_335' title='bbox 1299 3727 1403 3795; x_wconf 80' lang='lat' dir='ltr'><strong>vgl.</strong></span> <span class='ocrx_word' id='word_1_336' title='bbox 1434 3728 1646 3797; x_wconf 84' lang='lat' dir='ltr'><strong>vorigen</strong></span> <span class='ocrx_word' id='word_1_337' title='bbox 1672 3728 1823 3782; x_wconf 84' lang='lat' dir='ltr'><strong>Brief</strong></span> <span class='ocrx_word' id='word_1_338' title='bbox 1853 3730 1883 3798; x_wconf 66' lang='grc' dir='ltr'><strong>ς</strong></span> <span class='ocrx_word' id='word_1_339' title='bbox 1911 3729 1945 3782; x_wconf 84' lang='grc'>2</span> <span class='ocrx_word' id='word_1_340' title='bbox 1982 3746 2034 3782; x_wconf 90' lang='lat' dir='ltr'><strong>u.</strong></span> <span class='ocrx_word' id='word_1_341' title='bbox 2063 3729 2218 3783; x_wconf 88' lang='lat' dir='ltr'><strong>Anm.</strong></span> <span class='ocrx_word' id='word_1_342' title='bbox 2264 3759 2323 3767; x_wconf 89' lang='lat'><em>-</em></span> <span class='ocrx_word' id='word_1_343' title='bbox 2367 3727 2696 3795; x_wconf 72' lang='lat' dir='ltr'><strong>Octaviano]</strong></span> <span class='ocrx_word' id='word_1_344' title='bbox 2736 3727 2812 3782; x_wconf 86' lang='lat' dir='ltr'><strong>Es</strong></span> <span class='ocrx_word' id='word_1_345' title='bbox 2841 3728 2923 3782; x_wconf 86' lang='lat' dir='ltr'><strong>ist</strong></span> 
     </span>
     <span class='ocr_line' id='line_1_36' title="bbox 454 3813 2916 3884; baseline 0.002 -18"><span class='ocrx_word' id='word_1_346' title='bbox 454 3830 518 3865; x_wconf 90' lang='lat' dir='ltr'><strong>zu</strong></span> <span class='ocrx_word' id='word_1_347' title='bbox 545 3813 815 3881; x_wconf 80' lang='lat' dir='ltr'><strong>beachten,</strong></span> <span class='ocrx_word' id='word_1_348' title='bbox 855 3815 973 3868; x_wconf 82' lang='lat' dir='ltr'><strong>dass</strong></span> <span class='ocrx_word' id='word_1_349' title='bbox 1011 3831 1069 3868; x_wconf 91' lang='lat' dir='ltr'><strong>er</strong></span> <span class='ocrx_word' id='word_1_350' title='bbox 1102 3816 1159 3869; x_wconf 92' lang='lat' dir='ltr'><strong>in</strong></span> <span class='ocrx_word' id='word_1_351' title='bbox 1197 3815 1297 3869; x_wconf 90' lang='lat' dir='ltr'><strong>den</strong></span> <span class='ocrx_word' id='word_1_352' title='bbox 1324 3815 1780 3884; x_wconf 84' lang='lat' dir='ltr'><strong>vorhergehenden</strong></span> <span class='ocrx_word' id='word_1_353' title='bbox 1807 3817 2016 3872; x_wconf 86' lang='lat' dir='ltr'><strong>Briefen</strong></span> <span class='ocrx_word' id='word_1_354' title='bbox 2054 3820 2191 3871; x_wconf 89' lang='lat' dir='ltr'><strong>stets</strong></span> <span class='ocrx_word' id='word_1_355' title='bbox 2217 3817 2356 3870; x_wconf 74' lang='grc'><strong>110011·</strong></span> <span class='ocrx_word' id='word_1_356' title='bbox 2377 3815 2627 3871; x_wconf 86' lang='lat' dir='ltr'><strong>Octavius</strong></span> <span class='ocrx_word' id='word_1_357' title='bbox 2654 3817 2813 3871; x_wconf 85' lang='lat' dir='ltr'><strong>hiess.</strong></span> <span class='ocrx_word' id='word_1_358' title='bbox 2846 3846 2916 3854; x_wconf 93' lang='lat'><strong>—-</strong></span> 
     </span>
     <span class='ocr_line' id='line_1_37' title="bbox 453 3902 2922 3976; baseline 0.001 -20"><span class='ocrx_word' id='word_1_359' title='bbox 453 3907 669 3957; x_wconf 85' lang='lat' dir='ltr'><strong>nostros</strong></span> <span class='ocrx_word' id='word_1_360' title='bbox 714 3903 912 3976; x_wconf 82' lang='grc' dir='ltr'><strong><em>ἥρωας]</em></strong></span> <span class='ocrx_word' id='word_1_361' title='bbox 961 3903 1044 3957; x_wconf 83' lang='grc'><strong>(118</strong></span> <span class='ocrx_word' id='word_1_362' title='bbox 1093 3902 1476 3958; x_wconf 72' lang='lat' dir='ltr'><strong>Casarmorder.</strong></span> <span class='ocrx_word' id='word_1_363' title='bbox 1530 3931 1596 3941; x_wconf 91' lang='lat'>—</span> <span class='ocrx_word' id='word_1_364' title='bbox 1647 3905 1806 3974; x_wconf 73' lang='lat' dir='ltr'><strong>quid]</strong></span> <span class='ocrx_word' id='word_1_365' title='bbox 1859 3906 2238 3972; x_wconf 82' lang='lat' dir='ltr'><strong>„inwieweit“.</strong></span> <span class='ocrx_word' id='word_1_366' title='bbox 2287 3935 2355 3943; x_wconf 99' lang='lat'><strong>—</strong></span> <span class='ocrx_word' id='word_1_367' title='bbox 2402 3904 2721 3975; x_wconf 82' lang='grc' dir='ltr'><strong><em>κατηχήσει]</em></strong></span> <span class='ocrx_word' id='word_1_368' title='bbox 2776 3905 2922 3971; x_wconf 89' lang='lat' dir='ltr'><strong>„der</strong></span> 
     </span>
     <span class='ocr_line' id='line_1_38' title="bbox 454 3990 2921 4062; baseline 0.002 -19"><span class='ocrx_word' id='word_1_369' title='bbox 454 3990 917 4059; x_wconf 84' lang='lat' dir='ltr'><strong>Unterweisung“,</strong></span> <span class='ocrx_word' id='word_1_370' title='bbox 956 3991 1040 4044; x_wconf 88' lang='grc'><strong>(118</strong></span> <span class='ocrx_word' id='word_1_371' title='bbox 1066 3992 1177 4045; x_wconf 88' lang='grc'><strong>111111</strong></span> <span class='ocrx_word' id='word_1_372' title='bbox 1204 3992 1370 4046; x_wconf 88' lang='lat' dir='ltr'><strong>durch</strong></span> <span class='ocrx_word' id='word_1_373' title='bbox 1399 3993 1539 4047; x_wconf 87' lang='grc'><strong>881118</strong></span> <span class='ocrx_word' id='word_1_374' title='bbox 1566 3992 1881 4062; x_wconf 85' lang='lat' dir='ltr'><strong>Umgebung</strong></span> <span class='ocrx_word' id='word_1_375' title='bbox 1916 3994 2075 4048; x_wconf 80' lang='lat' dir='ltr'><strong>zuteil</strong></span> <span class='ocrx_word' id='word_1_376' title='bbox 2112 3994 2258 4048; x_wconf 85' lang='lat' dir='ltr'><strong>wird.</strong></span> <span class='ocrx_word' id='word_1_377' title='bbox 2315 3993 2484 4047; x_wconf 87' lang='lat' dir='ltr'><strong>Schon</strong></span> <span class='ocrx_word' id='word_1_378' title='bbox 2510 3993 2666 4062; x_wconf 87' lang='lat' dir='ltr'><strong>epist.</strong></span> <span class='ocrx_word' id='word_1_379' title='bbox 2697 3992 2862 4060; x_wconf 87' lang='lat' dir='ltr'><strong>XLV,</strong></span> <span class='ocrx_word' id='word_1_380' title='bbox 2883 3995 2921 4048; x_wconf 79' lang='lat'><strong>2</strong></span> 
     </span>
     <span class='ocr_line' id='line_1_39' title="bbox 453 4077 2923 4151; baseline 0.002 -19"><span class='ocrx_word' id='word_1_381' title='bbox 453 4079 607 4147; x_wconf 77' lang='lat' dir='ltr'><strong>klagt</strong></span> <span class='ocrx_word' id='word_1_382' title='bbox 643 4077 748 4133; x_wconf 84' lang='lat' dir='ltr'><strong>Cic.</strong></span> <span class='ocrx_word' id='word_1_383' title='bbox 787 4079 1041 4133; x_wconf 73' lang='lat' dir='ltr'><strong>dariiber:</strong></span> <span class='ocrx_word' id='word_1_384' title='bbox 1091 4080 1176 4134; x_wconf 84' lang='lat' dir='ltr'><strong>ita</strong></span> <span class='ocrx_word' id='word_1_385' title='bbox 1220 4080 1384 4136; x_wconf 77' lang='lat' dir='ltr'><strong>multi</strong></span> <span class='ocrx_word' id='word_1_386' title='bbox 1421 4082 1810 4150; x_wconf 73' lang='lat' dir='ltr'><strong>circumstant,</strong></span> <span class='ocrx_word' id='word_1_387' title='bbox 1857 4083 1955 4150; x_wconf 73' lang='lat' dir='ltr'><strong>qui</strong></span> <span class='ocrx_word' id='word_1_388' title='bbox 1991 4082 2209 4151; x_wconf 74' lang='lat' dir='ltr'><strong>quidem</strong></span> <span class='ocrx_word' id='word_1_389' title='bbox 2243 4082 2451 4138; x_wconf 80' lang='lat' dir='ltr'><strong>nostris</strong></span> <span class='ocrx_word' id='word_1_390' title='bbox 2485 4087 2709 4136; x_wconf 79' lang='lat' dir='ltr'><strong>nwrtem</strong></span> <span class='ocrx_word' id='word_1_391' title='bbox 2745 4082 2923 4136; x_wconf 76' lang='lat' dir='ltr'><strong>mini-</strong></span> 
     </span>
     <span class='ocr_line' id='line_1_40' title="bbox 457 4167 2920 4241; baseline 0.002 -22"><span class='ocrx_word' id='word_1_392' title='bbox 457 4172 669 4221; x_wconf 71' lang='lat' dir='ltr'><strong>tantm.</strong></span> <span class='ocrx_word' id='word_1_393' title='bbox 721 4197 790 4206; x_wconf 90' lang='lat'>—</span> <span class='ocrx_word' id='word_1_394' title='bbox 841 4167 1096 4234; x_wconf 75' lang='lat' dir='ltr'><strong>vitricus]</strong></span> <span class='ocrx_word' id='word_1_395' title='bbox 1146 4167 1427 4223; x_wconf 85' lang='lat' dir='ltr'><strong>Octavians</strong></span> <span class='ocrx_word' id='word_1_396' title='bbox 1475 4169 1758 4224; x_wconf 86' lang='lat' dir='ltr'><strong>Stiefvater</strong></span> <span class='ocrx_word' id='word_1_397' title='bbox 1796 4171 2087 4241; x_wconf 85' lang='lat' dir='ltr'><strong>Philippus.</strong></span> <span class='ocrx_word' id='word_1_398' title='bbox 2163 4171 2214 4226; x_wconf 87' lang='lat' dir='ltr'><strong>S.</strong></span> <span class='ocrx_word' id='word_1_399' title='bbox 2261 4188 2326 4225; x_wconf 86' lang='lat' dir='ltr'><strong>zu</strong></span> <span class='ocrx_word' id='word_1_400' title='bbox 2360 4171 2515 4241; x_wconf 87' lang='lat' dir='ltr'><strong>epist.</strong></span> <span class='ocrx_word' id='word_1_401' title='bbox 2552 4169 2711 4236; x_wconf 86' lang='lat' dir='ltr'><strong>XLV,</strong></span> <span class='ocrx_word' id='word_1_402' title='bbox 2752 4170 2806 4224; x_wconf 82' lang='lat'><strong>2.</strong></span> <span class='ocrx_word' id='word_1_403' title='bbox 2846 4199 2920 4209; x_wconf 89' lang='lat'>—</span> 
     </span>
     <span class='ocr_line' id='line_1_41' title="bbox 454 4254 2923 4329; baseline 0.002 -19"><span class='ocrx_word' id='word_1_404' title='bbox 454 4255 604 4310; x_wconf 57' lang='lat' dir='ltr'><strong>mail</strong></span> <span class='ocrx_word' id='word_1_405' title='bbox 635 4254 905 4322; x_wconf 72' lang='lat' dir='ltr'><strong>censebat]</strong></span> <span class='ocrx_word' id='word_1_406' title='bbox 944 4271 1014 4308; x_wconf 88' lang='lat' dir='ltr'><strong>sc.</strong></span> <span class='ocrx_word' id='word_1_407' title='bbox 1053 4254 1385 4311; x_wconf 76' lang='lat' dir='ltr'><strong>credendum</strong></span> <span class='ocrx_word' id='word_1_408' title='bbox 1422 4272 1544 4311; x_wconf 78' lang='lat' dir='ltr'><strong>csse.</strong></span> <span class='ocrx_word' id='word_1_409' title='bbox 1587 4285 1652 4294; x_wconf 90' lang='lat'><strong>--</strong></span> <span class='ocrx_word' id='word_1_410' title='bbox 1699 4264 1766 4312; x_wconf 78' lang='lat' dir='ltr'><strong>ut</strong></span> <span class='ocrx_word' id='word_1_411' title='bbox 1801 4259 1950 4313; x_wconf 78' lang='lat' dir='ltr'><strong>nihil</strong></span> <span class='ocrx_word' id='word_1_412' title='bbox 1985 4260 2172 4329; x_wconf 79' lang='lat' dir='ltr'><strong>aliud]</strong></span> <span class='ocrx_word' id='word_1_413' title='bbox 2209 4258 2508 4313; x_wconf 83' lang='lat' dir='ltr'><strong>konzessiv:</strong></span> <span class='ocrx_word' id='word_1_414' title='bbox 2546 4274 2742 4325; x_wconf 81' lang='lat' dir='ltr'><strong>„wenn</strong></span> <span class='ocrx_word' id='word_1_415' title='bbox 2779 4259 2923 4314; x_wconf 80' lang='lat' dir='ltr'><strong>auch</strong></span> 
     </span>
    </p>
   </div>
   <div class='ocr_carea' id='block_1_5' title="bbox 3129 991 3132 1618">
    <p class='ocr_par' dir='ltr' id='par_1_8' title="bbox 3129 991 3132 1618">
     <span class='ocr_line' id='line_1_42' title="bbox 3129 991 3132 1618; baseline 0 0"><span class='ocrx_word' id='word_1_416' title='bbox 3129 991 3132 1618; x_wconf 95' lang='lat' dir='ltr'><strong> </strong></span> 
     </span>
    </p>
   </div>
   <div class='ocr_carea' id='block_1_6' title="bbox 3129 991 3132 1792">
    <p class='ocr_par' dir='ltr' id='par_1_9' title="bbox 3129 991 3132 1792">
     <span class='ocr_line' id='line_1_43' title="bbox 3129 991 3132 1792; baseline 0 0"><span class='ocrx_word' id='word_1_417' title='bbox 3129 991 3132 1792; x_wconf 95' lang='lat' dir='ltr'><strong> </strong></span> 
     </span>
    </p>
   </div>
  </div>
 </body>
</html>
