3146 4826
1024 357 1284 412 Ciceronis
1320 358 1577 427 epistulae
1615 358 1837 411 selectae
1872 357 2053 410 LXIV.
2664 354 2767 414 221

485 519 618 583 Nos
652 519 861 583 adhuc
904 519 1035 582 hic
1082 519 1349 582 omnia
1394 519 1722 599 integra
1769 519 2344 581 sustinuimus.
2410 516 2594 596 Quod
2626 536 2820 582 con-³

310 626 525 691 silium
569 627 880 702 nostrum,
928 625 1065 701 etsi,
1114 626 1359 706 quanta
1406 625 1490 688 sit
1538 624 1810 688 aviditas
1842 624 2173 688 hominum
2218 643 2346 690 non
2393 625 2527 688 sine
2575 642 2770 689 causa

311 732 522 814 [talis]
560 731 874 807 victoriae,
922 732 1067 807 sci0,
1114 733 1332 795 tamen
1364 731 1540 794 vobis
1573 730 1827 813 probari
1861 747 2061 812 spero.
2129 725 2275 793 Non
2305 730 2494 807 enim,
2527 731 2582 794 si
2615 730 2769 812 quid

307 840 373 901 in
419 838 519 901 his
568 838 944 902 exercitibus
993 838 1078 901 sit
1124 836 1461 913 offensum,
1515 855 1753 918 magna
1800 835 2082 900 subsidia
2126 855 2231 900 res
2276 836 2531 919 publica
2574 836 2769 901 habet

306 945 619 1027 expedita,
669 944 901 1025 quibus
934 944 1144 1008 subito
1178 944 1424 1026 impetu
1457 961 1529 1006 ac
1561 943 1890 1006 latrocinio
1922 942 2383 1025 parricidarum
2414 943 2691 1007 resistat.

485 1050 777 1133 Copias
837 1069 986 1114 vero
1044 1052 1381 1114 nostras
1439 1051 1627 1114 notas
1686 1049 1804 1114 tibi
1864 1067 2002 1113 esse
2052 1049 2355 1114 arbitror:
2414 1050 2482 1113 in
2538 1050 2764 1113 castris

305 1158 464 1222 meis
512 1157 791 1238 legiones
840 1159 993 1221 sunt
1038 1159 1376 1221 veteranae
1431 1158 1564 1221 tres
1581 1205 1595 1234 ,
1653 1157 1935 1220 tironum
1990 1156 2092 1219 vel
2136 1156 2644 1220 luculentissima
2690 1174 2765 1220 ex

302 1264 598 1328 omnibus
660 1281 823 1337 una3
884 1264 952 1327 in
998 1264 1224 1328 castris
1270 1264 1462 1327 Bruti
1521 1282 1653 1327 una
1710 1264 2014 1328 veterana
2071 1262 2235 1344 legio
2252 1311 2266 1339 ‚
2328 1263 2530 1326 altera
2573 1262 2763 1337 bima,

301 1373 442 1434 octo
504 1371 803 1434 tironum.
892 1369 997 1433 Ita
1055 1371 1391 1434 universus
1454 1370 1769 1434 exercitus
1828 1387 2093 1433 numero
2154 1369 2587 1451 amplissimus
2648 1372 2763 1445 est,

302 1476 605 1540 firmitate
640 1476 936 1557 exiguus;
985 1478 1379 1557 quantum
1426 1477 1701 1539 autem
1748 1476 1824 1538 in
1870 1475 2045 1538 acie
2094 1475 2353 1538 tironi
2399 1475 2514 1538 sit
2559 1494 2765 1540 com-

301 1582 828 1659 mittendum,
873 1582 1210 1646 nimium
1257 1599 1499 1663 saepe
1547 1583 1975 1663 expertum
2020 1580 2430 1644 habemus
2499 1581 2599 1644 Ad
2643 1581 2810 1644 hoc4

301 1690 492 1754 robur
536 1691 904 1753 nostrorum
952 1688 1343 1753 exercituum
1376 1688 1507 1751 sive
1538 1686 1877 1751 Africanus
1910 1687 2240 1763 exercitus,
2288 1687 2398 1767 qui
2444 1688 2544 1750 est
2588 1689 2763 1750 vete-

299 1814 513 1872 ranus,
562 1796 692 1859 sive
740 1794 1121 1860 Caesaris
1170 1794 1559 1870 accessisset,
1609 1811 1810 1874 aequo
1844 1793 2053 1882 animo
2096 1811 2417 1857 summam
2461 1811 2600 1856 rem
2644 1813 2762 1875 pu-

300 1903 532 1966 blicam
578 1902 645 1965 in
694 1900 1032 1965 discrimen
1079 1899 1551 1964 deduceremus.
1649 1899 1991 1981 Aliquanto
2049 1900 2268 1963 autem
2313 1899 2572 1981 propius
2620 1917 2758 1963 esse

300 2008 469 2089 quod
530 2008 578 2073 C
597 2026 961 2072 aesarem
1020 2006 1421 2083 videbamus,
1491 2006 1651 2069 nihil
1722 2006 1943 2069 destiti
2002 2024 2150 2069 eum
2209 2005 2442 2069 litteris
2497 2005 2758 2082 hortari,

296 2133 503 2196 neque
550 2114 658 2179 ille
703 2113 1047 2178 intermisit
1094 2112 1428 2177 adfirmare
1477 2131 1543 2176 se
1594 2113 1729 2176 sine
1775 2130 1956 2175 mora
2001 2112 2248 2176 venire:
2307 2129 2455 2175 cum
2501 2111 2759 2174 interim

299 2239 683 2284 aversum
745 2220 988 2283 illum
1059 2220 1152 2282 ab
1213 2219 1363 2282 hac
1426 2218 1940 2300 cogitatione
2004 2216 2096 2280 ad
2167 2217 2329 2281 alia
2398 2217 2757 2281 consilia

297 2326 530 2391 video
594 2344 672 2390 se
735 2326 1209 2389 contulisse.
1299 2324 1434 2406 Ego
1495 2326 1716 2388 tamen
1775 2323 1854 2387 ad
1915 2342 2062 2387 eum
2107 2323 2416 2387 Furnium
2463 2325 2754 2386 nostrum

297 2453 446 2499 cum
490 2433 813 2498 mandatis
860 2434 1220 2515 litterisque
1266 2432 1431 2509 misi,
1479 2433 1533 2495 si
1582 2432 1733 2513 quid
1781 2430 1944 2496 forte
1990 2431 2290 2514 proficere
2335 2433 2567 2513 posset.

478 2539 614 2605 Scis
661 2542 753 2617 tu,
800 2540 890 2604 mi
937 2539 1185 2616 CicerO,
1232 2538 1399 2620 quod
1446 2538 1539 2601 ad
1588 2538 1976 2603 Caesaris
2025 2556 2305 2602 amorem
2352 2538 2610 2615 attinet,
2658 2556 2804 2601 so-.=‚

565 2682 717 2689 ——-

442 2782 488 2822 8.
527 2769 716 2823 omnia
753 2767 986 2838 inteyra‘
1012 2768 1403 2834 sustimuimus]
1444 2810 1474 2834 ‚,
1487 2768 1584 2821 wir
1619 2768 1790 2821 haben
1819 2767 1949 2819 alles
1977 2766 2329 2820 unverandert
2354 2766 2653 2833 gelassen“.
2685 2794 2753 2805 -—-

292 2862 512 2925 quanta
550 2897 561 2909 .
586 2897 597 2909 .
620 2897 631 2910 .
670 2856 959 2924 victoriae]
1010 2857 1075 2909 In
1110 2856 1243 2910 Rom
1289 2859 1566 2909 erwartete
1612 2872 1733 2908 man
1781 2854 2046 2908 natiirlich
2084 2853 2427 2921 sehnsiichtig
2461 2854 2755 2922 Siegesbot-

294 2944 531 2997 schaften
570 2960 665 2997 aus
704 2942 937 3011 Gallien;
986 2945 1245 2999 victoriae
1280 2944 1451 3012 hangt
1486 2945 1552 2997 ab
1590 2960 1690 2997 von
1728 2943 1984 2997 aviditas.
2026 2973 2093 2981 —
2124 2942 2383 3011 probari]
2420 2942 2519 2995 Inf.
2557 2942 2752 3007 Praes„

294 3032 410 3086 weil
446 3032 676 3087 Plancus
714 3034 797 3087 die
832 3034 1105 3101 Billigung
1141 3034 1233 3086 des
1268 3033 1459 3087 Senats
1505 3033 1586 3084 als
1631 3049 1764 3100 ganz
1801 3032 1972 3085 sicher
2006 3033 2350 3085 voraussetzt.
2403 3060 2470 3068 —
2519 3031 2570 3083 si
2615 3030 2753 3098 quid

290 3122 358 3174 in
393 3121 480 3176 his
516 3122 845 3177 exercitibus
880 3123 955 3176 sit
989 3120 1281 3188 offensum]
1322 3163 1352 3188 „
1366 3137 1515 3173 wenn
1541 3121 1628 3173 bei
1656 3120 1756 3172 den
1783 3119 1988 3172 Heeren
2015 3119 2129 3172 hier
2165 3118 2251 3170 ein
2275 3117 2457 3170 Unfall
2491 3117 2752 3171 cintreteu

294 3209 513 3276 sollte“,
550 3210 607 3263 in
635 3210 908 3263 derselben
934 3209 1250 3278 Bedeutung
1286 3209 1379 3262 wie
1418 3215 1651 3263 πταίειν.
1692 3235 1758 3245 --
1795 3206 2024 3275 impetu]
2062 3206 2238 3260 Dativ.
2278 3205 2395 3258 Wie
2424 3206 2515 3259 der
2546 3205 2750 3269 Genet.,

293 3298 454 3350 Dativ
494 3298 598 3351 und
634 3297 757 3352 Abl.
787 3298 950 3364 Plur.,
989 3314 1046 3351 so
1073 3298 1150 3352 ist
1175 3298 1308 3351 auch
1335 3298 1575 3365 impetui
1602 3297 1753 3350 nicht
1778 3295 2164 3364 gebrauchlich.
2201 3323 2272 3332 —-
2299 3294 2749 3362 parricidarum]

294 3385 769 3452 ‚,Hochverriiter“
806 3390 975 3440 neunt
1012 3404 1069 3440 er
1094 3387 1165 3439 im
1192 3376 1475 3452 1109191191,
1516 3403 1606 3439 11111
1647 3385 1759 3438 sich
1786 3384 1936 3437 recht
1963 3382 2435 3437 senatsfreundlich
2463 3399 2527 3435 zu
2555 3383 2747 3451 wigen,

291 3474 557 3529 Antonius
604 3475 713 3529 und
760 3476 901 3528 seine
936 3474 1236 3543 Anhanger.
1288 3505 1356 3513 —
1405 3475 1488 3528 vel
1532 3489 1600 3527 ex
1636 3473 1885 3527 omnibus
1919 3472 2061 3539 wna]
2111 3471 2285 3524 lauter
2320 3470 2747 3539 Verstarkungen

290 3564 384 3618 des
420 3564 763 3634 Superlativs.
803 3594 871 3603 —-
909 3564 1079 3630 bima]
1119 3580 1256 3630 „aus
1292 3563 1492 3617 Leuten
1528 3562 1632 3614 mit
1667 3563 1701 3614 2
1712 3561 1948 3630 jahriger
1972 3560 2270 3614 Dienstzeit
2303 3558 2651 3613 bestehend“.
2681 3589 2748 3597 —

290 3659 569 3723 quamtum
618 3654 683 3707 in
731 3653 851 3707 acie
898 3653 1072 3707 tironi
1118 3654 1192 3707 sit
1241 3648 1709 3717 committendum]
1768 3691 1798 3716 ‚,
1811 3649 1904 3702 wie
1954 3649 2054 3702 viel
2109 3665 2230 3701 man
2287 3647 2397 3700 sich
2452 3647 2507 3699 in
2558 3646 2749 3700 offener

291 3742 542 3796 Schlacht
579 3742 672 3796 auf
701 3742 974 3795 Rekruten
1009 3741 1202 3808 (tironi
1238 3739 1626 3804 kollektivisch)
1661 3737 1924 3792 verlassen
1960 3738 2159 3791 kann“.

437 3844 485 3885 ⁴.
536 3830 852 3896 Africanus
900 3829 1193 3896 exereitus]
1245 3829 1296 3883 S.
1344 3829 1499 3899 epist.
1552 3828 1698 3894 LXI,
1737 3828 1770 3880 2
1820 3844 1871 3880 u.
1909 3826 2062 3881 Anm.
2118 3855 2184 3864 —
2233 3824 2486 3894 propius]
2535 3824 2615 3877 als
2664 3824 2747 3877 die

287 3920 536 3989 Truppen
573 3936 669 3973 aus
693 3919 895 3985 Afrika‚
934 3919 1017 3972 die
1053 3919 1108 3971 in
1137 3917 1269 3972 Rom
1306 3920 1417 3970 erst
1453 3918 1703 3970 erwartet
1738 3915 1966 3969 wurden.
2005 3944 2073 3953 —
2111 3931 2236 3969 eum
2271 3914 2518 3981 interim]
2558 3913 2748 3966 driiclzt

290 4008 385 4060 das
422 3998 849 4061 Uberraschende
887 4005 981 4060 der
1015 4005 1309 4059 Thatsache
1345 4022 1470 4059 aus:
1522 4020 1646 4059 cum
1695 4005 1975 4057 inversum.
2025 4034 2093 4043 —-
2144 4004 2213 4057 ab
2251 4004 2356 4057 hac
2392 4000 2744 4071 coyitatione]

289 4112 389 4150 von
417 4095 511 4149 der
538 4095 780 4162 Absicht,
808 4095 911 4148 mir
939 4094 1129 4148 zuhilfe
1158 4111 1222 4147 zu
1248 4094 1502 4147 kommen.
1534 4122 1603 4131 —
1642 4092 1719 4146 ad
1755 4084 1875 4146 alia
1911 4092 2166 4159 consilia]
2203 4092 2303 4145 Die
2330 4091 2557 4144 anderen
2583 4089 2746 4143 Plane

288 4185 516 4251 bezogen
563 4184 676 4238 sich
721 4184 815 4237 auf
846 4174 930 4236 die
968 4183 1215 4251 sofortige
1251 4183 1558 4250 Erlangung
1597 4181 1689 4234 des
1724 4180 2030 4234 Konsulats.
2083 4209 2150 4219 —-
2199 4181 2249 4234 si
2298 4178 2460 4248 quid]
2514 4195 2644 4246 „um
2681 4195 2746 4230 zu

286 4272 573 4327 versuchen
628 4273 692 4326 ob
708 4273 757 4327 “.

437 4375 482 4415 5.
521 4314 598 4416 ari
639 4360 895 4416 Caesaris
931 4360 1190 4429 amorem]
1231 4360 1425 4427 „Liebe
1453 4376 1517 4412 zu
1544 4357 1753 4412 Casar“
1792 4355 2104 4424 (Octavian).
2145 4387 2212 4395 —
2250 4358 2316 4410 in
2350 4355 2743 4423 familiaritate
