3146 4826
460 342 563 401 188
1229 342 1488 397 Ciceronis
1524 342 1781 412 epistulae
1819 342 2039 395 selectae
2075 341 2132 395 L.

452 524 565 569 me
614 505 1121 581 commissum,
1170 504 1365 585 quod
1413 505 1618 567 esset
1665 503 1995 567 alienum
2041 505 2302 565 nostra
2335 501 2702 576 amicitia,
2750 519 2930 564 cre-

455 610 777 684 didisse;
822 628 974 673 nam
1005 611 1259 692 praeter
1288 611 1462 686 haec,
1511 628 1674 691 quae
1708 608 2212 683 commemoravi,
2262 625 2422 688 quae
2469 608 2709 671 testata
2756 610 2929 670 sunt„

455 720 521 781 et
550 716 865 792 inlustria,
904 716 1106 780 habeo
1139 717 1346 780 multa
1377 716 1740 792 occultiora,
1774 733 1936 796 quae
1970 714 2071 778 vix
2103 714 2307 777 verbis
2342 714 2598 793 exsequi
2628 731 2923 795 possum-

456 821 686 887 Omnia
716 840 819 887 me
850 824 966 886 tua
999 821 1337 898 delectant,
1384 821 1493 886 sed
1533 821 1806 885 maxime
1836 820 2115 884 maxima
2147 838 2287 884 cum
2323 819 2480 882 fides
2512 819 2576 881 in
2610 819 2926 895 amicitia,

455 928 806 1005 consilium,
853 929 1153 1010 gravitaS,
1201 930 1577 1004 constantia,
1624 930 1766 991 tum
1812 928 2005 1009 lepos,
2050 925 2437 1002 humanitaS‚
2485 925 2758 989 litterae.

405 1055 426 1094 π
632 1033 1033 1117 Quapropter
1082 1071 1163 1080 -—
1214 1033 1435 1099 redeo
1482 1052 1680 1097 nunc
1727 1032 1813 1096 ad
1864 1033 2250 1112 querelam
2295 1066 2384 1077 ——
2430 1050 2545 1113 ego
2587 1034 2650 1095 te
2685 1030 2919 1095 suffra-

452 1141 629 1221 gium
676 1141 902 1204 tulisse
948 1140 1016 1203 in
1062 1140 1174 1204 illa
1218 1142 1357 1222 lege
1404 1139 1684 1222 primum
1730 1157 1856 1201 non
1904 1138 2171 1211 credidi;
2221 1136 2462 1213 deinde,
2511 1139 2565 1201 si
2610 1137 2927 1201 credidis·-

453 1265 613 1323 sem,
661 1264 1015 1328 numquam
1061 1245 1127 1309 id
1175 1247 1309 1310 sine
1357 1245 1572 1327 aliqua
1618 1245 1791 1309 iusta
1838 1263 2032 1308 causa
2079 1244 2508 1308 existimarem
2553 1246 2618 1307 te
2666 1243 2916 1308 fecisse.

451 1352 748 1435 Dignitas
779 1354 895 1416 tua
929 1352 1100 1428 facit,
1147 1353 1222 1415 ut
1253 1351 1817 1427 animadvertatur,
1852 1350 2151 1432 quicquid
2183 1350 2414 1423 facias3
2461 1350 2914 1413 malevolentia

453 1460 669 1523 autem
715 1459 1062 1536 hominum,
1109 1461 1185 1522 ut
1229 1477 1357 1522 non
1402 1458 1582 1521 nulla
1628 1456 1869 1533 duriuS,
1916 1475 2111 1538 quam
2159 1475 2197 1519 a
2244 1459 2308 1520 te
2356 1455 2526 1520 facta
2574 1456 2723 1532 sint,
2769 1474 2918 1537 pro-

451 1563 775 1628 ferantur:
838 1584 913 1628 ea
974 1566 1048 1628 tu
1110 1565 1164 1628 si
1208 1583 1335 1628 non
1382 1562 1597 1640 audiS,
1661 1563 1815 1644 quid
1864 1562 2100 1638 dicam,
2159 1563 2403 1635 nescio;
2468 1561 2797 1642 equidem,
2857 1563 2915 1625 si

453 1670 703 1750 quando
765 1670 983 1746 audi0‚
1043 1672 1179 1733 tam
1241 1668 1537 1746 defendo,
1603 1687 1797 1750 quam
1855 1688 1957 1733 me
2019 1670 2146 1732 scio
2194 1687 2232 1731 a
2277 1671 2341 1733 te
2390 1671 2610 1732 contra
2656 1669 2919 1749 iniquos

451 1794 626 1839 meos
674 1777 873 1841 solere
921 1774 1191 1840 defendi.
1265 1774 1626 1840 Defensio
1675 1777 1926 1839 autem
1975 1777 2093 1838 est
2140 1774 2452 1856 duplex:
2503 1776 2653 1838 alia
2703 1777 2926 1851 sunt,⁴

453 1899 641 1962 quae
687 1883 979 1963 liquido
1011 1900 1285 1963 negare
1319 1883 1627 1959 soleam,
1674 1883 1758 1944 ut
1789 1882 1873 1946 de
1905 1882 2053 1945 isto
2085 1882 2246 1963 ipso
2280 1879 2683 1962 suffragio;
2733 1881 2917 1958 alia,

454 2005 642 2068 quae
688 1987 1086 2051 defendam
1133 2005 1171 2051 a
1217 1989 1290 2050 te
1335 1988 1454 2069 pie
1500 1986 1675 2051 fieri
1724 1989 1798 2050 et
1840 1987 2190 2062 humane,
2252 1990 2334 2050 ut
2381 1987 2465 2052 de
2514 1988 2922 2051 curatione

402 2092 817 2156 eludorum.
891 2092 1035 2157 Sed
1080 2095 1182 2170 te,
1227 2093 1550 2157 hominem
1583 2092 2037 2168 doctissimum,
2084 2110 2229 2155 non
2260 2092 2486 2170 fugit,
2534 2094 2596 2156 si
2629 2093 2923 2157 Caesar

451 2217 580 2262 rex
624 2197 864 2263 fuerit
911 2234 995 2244 —
1048 2200 1215 2281 quod
1247 2200 1405 2262 mihi
1437 2198 1695 2280 quidem
1731 2197 1980 2262 videtur
2013 2234 2116 2273 —-,
2162 2198 2238 2261 in
2284 2209 2691 2280 utramque
2738 2219 2917 2282 par-

451 2307 603 2368 tem
651 2304 735 2369 de
782 2307 911 2369 tuo
959 2303 1217 2369 officio
1264 2304 1644 2387 disputari
1691 2322 1937 2386 posse,
1989 2305 2088 2369 vel
2126 2305 2192 2367 in
2226 2323 2384 2381 eam,
2433 2323 2559 2385 qua
2591 2323 2707 2386 ego
2741 2306 2920 2369 soleo
2972 2385 2979 2390 θ

452 2410 584 2487 uti,
645 2410 1032 2476 laudandam
1095 2430 1232 2476 esse
1289 2410 1482 2476 fidem
1542 2412 1608 2476 et
1666 2411 2134 2475 humanitatem
2197 2415 2379 2475 tuam
2397 2460 2411 2488 ,
2472 2411 2581 2492 qui
2628 2411 2909 2476 amicum

455 2517 650 2581 etiam
694 2519 1020 2582 mortuum
1069 2517 1316 2599 diligas,
1363 2518 1465 2581 vel
1510 2517 1575 2580 in
1624 2535 1783 2593 eam,
1831 2535 1958 2598 qua
2001 2536 2129 2580 non
2174 2518 2338 2580 nulli
2382 2519 2673 2594 utuntur,
2720 2518 2913 2581 liber-

453 2624 656 2687 tatem
701 2623 945 2705 patriae
992 2623 1158 2688 vitae
1207 2623 1393 2688 amici
1439 2622 1962 2705 anteponendam.
2053 2623 2147 2686 Ex
2192 2622 2293 2686 his
2342 2623 2737 2688 sermonibus
2785 2624 2920 2687 uti-

453 2746 605 2792 nam
638 2731 854 2793 essent
883 2729 1132 2794 delatae
1181 2729 1262 2793 ad
1306 2731 1371 2793 te
1404 2728 1867 2811 disputationes
1899 2730 2111 2793 meae!
2187 2729 2312 2793 nla
2358 2748 2506 2793 vero
2554 2730 2695 2806 duo,
2744 2748 2908 2811 quae

453 2834 732 2899 maxima
778 2839 930 2900 sunt
974 2836 1240 2900 laudum
1286 2838 1545 2899 tuarum
1563 2884 1578 2912 ,
1637 2835 1779 2917 quis
1829 2837 1941 2899 aut
1986 2835 2288 2899 libentius
2337 2853 2528 2917 quam
2577 2854 2692 2916 ego
2741 2854 2914 2900 com-

454 3010 673 3080 iyitur?
710 3042 778 3049 -
816 3028 955 3080 quae
993 3017 1202 3066 testata
1237 3011 1393 3077 sumt]
1431 3011 1564 3064 ohne
1600 3010 1942 3076 Verbindung
1977 3011 2077 3064 mit
2113 3011 2231 3063 dem
2267 3011 2754 3078 Vorhergehenden‚
2794 3012 2911 3063 weil

455 3099 626 3152 dieser
650 3100 975 3153 Relativsatz
1005 3100 1117 3153 sich
1143 3100 1238 3152 auf
1260 3099 1359 3153 den
1381 3097 1790 3167 Gesamtbegriff
1810 3100 1958 3165 haec,
1987 3115 2128 3167 quae
2156 3100 2562 3155 commemoravi
2590 3099 2813 3152 bezieht.
2840 3129 2911 3138 —

455 3186 633 3240 verbis
658 3187 900 3254 exsequi]
929 3187 1023 3241 wie
1050 3188 1301 3242 oratione
1321 3202 1454 3241 exa:
1487 3229 1516 3253 „
1529 3186 1869 3252 ausdrstcken,
1899 3187 2261 3256 erschopfen“.
2292 3218 2356 3226 —
2388 3185 2627 3256 litterae]
2660 3187 2915 3254 „schrift-

456 3274 779 3328 stellerische
815 3273 1179 3343 Thatigkeit‘fi

602 3376 647 3416 ⁷.
697 3369 748 3416 te
784 3364 1120 3433 suffragium
1156 3364 1346 3418 tulisse
1381 3364 1445 3416 in
1478 3364 1582 3417 illa
1619 3363 1753 3432 leye]
1799 3363 1896 3417 Die
1932 3363 2291 3434 Senatspartei
2328 3365 2644 3435 behauptete
2656 3407 2670 3434 ‚
2706 3365 2920 3419 Matius

453 3450 587 3503 habe
622 3451 706 3504 fiir
741 3451 891 3504 einen
926 3451 1015 3503 ihr
1050 3451 1405 3518 ungiinstigen
1442 3452 1673 3519 Antrag,
1721 3452 2150 3505 wahrscheinlich
2194 3453 2279 3506 fiir
2315 3452 2410 3506 das
2446 3451 2633 3507 Gesetz
2673 3453 2766 3506 des
2801 3454 2914 3507 An-

455 3539 632 3592 tonius
668 3540 797 3592 iiber
833 3539 933 3592 den
969 3538 1175 3592 Tausch
1211 3538 1305 3591 der
1340 3541 1625 3595 Provinzen
1660 3543 1725 3607 (s.
1764 3540 1918 3611 epist.
1957 3541 2148 3608 XLVI,
2185 3543 2258 3608 4),
2295 3542 2583 3610 gestimmt.
2632 3573 2701 3581 --
2746 3560 2917 3596 num-

456 3645 621 3695 quam
654 3628 774 3682 sime
810 3628 1028 3696 aliqua]
1067 3628 1235 3684 Wenn
1274 3632 1328 3684 in
1355 3629 1524 3683 einem
1551 3629 1704 3683 Satze
1732 3630 1854 3683 zwei
1880 3630 2127 3684 einander
2154 3631 2478 3685 aufhebende
2504 3630 2915 3698 Verneinungen

454 3715 780 3784 (nmquam
825 3716 934 3770 und
980 3717 1125 3785 sine)
1170 3719 1381 3787 stehen,
1432 3734 1490 3771 so
1539 3718 1688 3771 steht
1736 3718 1885 3771 nicht
1931 3720 2106 3786 ullus,
2158 3719 2382 3773 sondern
2429 3736 2530 3772 nur
2577 3721 2800 3788 aliquis.
2838 3749 2915 3758 —

456 3802 679 3871 durius]
710 3805 804 3871 „in
835 3805 1213 3860 schlimmerem
1241 3806 1458 3860 Sinne“.
1490 3837 1555 3844 -
1586 3806 1676 3873 ea]
1704 3829 1773 3850 ==
1800 3806 2004 3861 duodus
2024 3808 2271 3874 prolata.
2303 3837 2368 3845 —
2397 3812 2463 3860 ut
2491 3807 2579 3874 de]
2611 3824 2698 3874 ,‚z.
2719 3807 2816 3861 B.“
2839 3839 2915 3846 —

455 3891 769 3959 defendam]
808 3909 851 3945 c.
889 3893 1010 3948 Acc.
1050 3912 1093 3948 c.
1133 3895 1261 3950 Infi:
1305 3912 1438 3963 „zur
1472 3894 1853 3963 Verteidigung
1886 3896 2243 3950 einwenden“.

599 3993 646 4037 8.
697 3982 817 4050 rex]
869 3983 934 4037 In
984 3984 1101 4037 dem
1148 3985 1458 4053 gehassigen
1507 3984 1667 4037 Sinne
1716 3984 1810 4037 der
1856 3984 2061 4038 Romor.
2116 4015 2180 4023 —
2233 3986 2300 4038 de
2351 3991 2447 4040 tuo
2497 3984 2711 4051 officio]
2761 3985 2917 4038 nicht

455 4111 486 4134 ‚,
501 4070 752 4136 Pflicht“,
805 4073 1029 4126 sondern
1069 4114 1098 4139 „
1113 4072 1328 4138 Dienst‚
1363 4062 1668 4140 Kusserung
1703 4072 1880 4125 deines
1917 4073 2261 4126 Pflichteifers
2275 4075 2322 4126 ⁶⁶.
2396 4072 2468 4126 Es
2517 4073 2594 4125 ist
2643 4073 2776 4126 eben
2825 4073 2919 4127 die

451 4157 761 4226 Besorgung
805 4158 898 4212 der
942 4159 1114 4229 Spiele
1162 4160 1406 4227 gemeint.
1458 4188 1527 4198 --
1578 4159 2008 4227 disputationes]
2058 4160 2176 4213 sind
2223 4160 2305 4213 die
2353 4159 2747 4228 Erorterungen
2785 4162 2917 4228 „fiir

453 4244 561 4298 und
597 4245 817 4299 wider“.
860 4276 925 4284 —
964 4247 1008 4300 Ι
1009 4248 1089 4301 lla
1124 4246 1273 4314 vero]
1310 4247 1411 4300 mit
1445 4245 1786 4315 Steigerung:
1827 4289 1857 4313 ‚,
1870 4247 1976 4300 und
2013 4247 2291 4307 besonders
2329 4248 2411 4301 die
2447 4247 2633 4302 beiden
2671 4249 2913 4317 grossten

452 4331 778 4400 Verdienste,
816 4334 899 4387 die
937 4334 1009 4387 du
1044 4334 1232 4387 hast“.
