3146 4826
421 333 490 392 74
1150 335 1410 390 Ciceronis
1447 337 1705 406 epistulae
1743 338 1964 391 selectae
1998 337 2139 391 XIV.

419 498 762 561 Alexandri
809 497 1237 578 quadriduum
1285 499 1350 561 et
1395 498 1462 560 in
1515 497 1780 578 reliquis
1826 498 2058 561 Amani
2119 498 2273 562 vicis
2337 497 2621 562 delendis
2685 499 2893 579 agris-

426 622 546 685 que
609 603 934 668 vastandis
954 652 969 680 ,
1033 621 1194 684 quae
1256 622 1405 686 pars
1469 603 1606 667 eius
1667 603 1903 667 montis
1965 621 2144 667 meae
2205 604 2565 686 provinciae
2630 607 2759 681 est,
2819 604 2888 668 id

337 729 399 770 10
422 712 678 792 tempus
740 729 925 774 omne
989 710 1515 792 consumpsimus.
1625 708 1944 774 Confectis
2006 710 2105 774 his
2168 711 2357 773 rebus
2426 709 2506 773 ad
2582 710 2890 793 oppidum

420 816 1227 881 Eleutherocilicum
1257 815 1841 880 Pindenissum
1873 817 2219 881 exercitum
2243 815 2511 889 adduxi;
2545 817 2712 898 quod
2738 836 2892 881 eum

424 924 593 987 esset
640 923 950 987 altissimo
999 925 1065 986 et
1109 922 1540 986 munitissimo
1587 923 1724 986 loco
1772 923 1850 986 ab
1897 922 2103 1003 iisque
2150 922 2568 998 incoleretur,
2633 923 2743 1003 qui
2804 941 2887 986 ne

420 1029 675 1111 regibus
726 1028 984 1110 quidem
1029 1046 1340 1109 umquam
1383 1029 1775 1110 paruissent,
1838 1047 1985 1092 cum
2043 1030 2108 1092 et
2167 1027 2470 1109 fugitivos
2530 1029 2892 1111 reciperent

420 1137 487 1199 et
530 1134 919 1199 Parthorum
965 1134 1313 1198 adventum
1360 1135 1664 1199 acerrime
1712 1137 2168 1217 exspectarent,
2221 1134 2301 1197 ad
2349 1134 2888 1199 existimationem

418 1241 665 1324 imperii
711 1241 1026 1323 pertinere
1075 1241 1424 1306 arbitratus
1473 1261 1619 1306 sum
1657 1242 2069 1324 comprimere
2102 1260 2323 1306 eorum
2355 1241 2708 1317 audaciam,
2758 1260 2886 1322 quo

420 1345 669 1410 facilius
718 1347 914 1411 etiam
961 1349 1319 1412 ceterorum
1367 1348 1580 1425 animi,
1630 1349 1739 1430 qui
1771 1348 1960 1412 alieni
1993 1349 2206 1412 essent
2239 1348 2317 1411 ab
2349 1347 2612 1430 imperio
2643 1349 2886 1424 nostre,

417 1452 880 1535 frangerentur.
971 1453 1159 1518 Vallo
1217 1456 1284 1518 et
1327 1454 1499 1520 fossa
1545 1453 1959 1530 circumdedi,
2023 1473 2131 1518 sex
2179 1454 2461 1518 castellis
2523 1455 2885 1537 castrisque

417 1560 710 1624 maximis
766 1561 1001 1643 saepsi,
1065 1579 1293 1642 aggere
1311 1610 1325 1638 ,
1388 1561 1588 1625 vineis
1606 1609 1621 1638 ,
1681 1560 1967 1624 turribus
2015 1561 2374 1644 oppugnavi
2419 1579 2703 1642 ususque
2753 1562 2889 1625 tor-

416 1667 649 1731 mentis
696 1667 921 1730 multis
939 1715 953 1743 ,
1014 1668 1237 1730 multis
1297 1668 1649 1749 sagittariis
1667 1716 1681 1744 ,
1741 1686 1973 1748 magno
2034 1667 2248 1731 labore
2310 1685 2483 1743 me0,
2550 1668 2683 1730 sine
2748 1668 2887 1731 ulla

416 1773 712 1837 molestia
743 1774 1084 1855 sumptuve
1118 1774 1448 1850 sociorum,
1496 1774 1765 1856 septimo
1799 1773 2326 1855 quinquagesimo
2361 1773 2462 1837 die
2509 1791 2647 1837 rem
2693 1793 2886 1838 con-

416 1878 448 1942 f
457 1898 489 1943 e
508 1880 610 1956 ci,
671 1881 761 1942 ut
819 1880 1112 1943 omnibus
1172 1880 1461 1961 partibus
1521 1881 1697 1944 urbis
1760 1879 2133 1944 disturbatis
2195 1881 2309 1943 aut
2371 1879 2646 1943 incensis
2708 1898 2885 1944 com-

415 1985 586 2067 pulsi
630 1985 710 2047 in
755 1986 1261 2067 potestatem
1306 2003 1555 2049 meam
1599 1987 2150 2068 pervenirent.
2225 1985 2344 2049 His
2393 1987 2577 2049 erant
2621 1985 2884 2050 finitimi

413 2091 553 2173 pari
600 2092 836 2156 scelere
885 2093 949 2156 et
996 2090 1262 2155 audacia
1291 2091 1688 2166 Tibarani;
1737 2093 1815 2156 ab
1862 2093 1940 2155 iis
1972 2091 2347 2156 Pindenisso
2395 2095 2579 2174 capto
2627 2092 2882 2157 obsides

415 2199 660 2281 accepi:
710 2198 1055 2262 exercitum
1099 2199 1165 2260 in
1210 2198 1477 2261 hiberna
1523 2198 1768 2271 dimisi;
1817 2197 1891 2276 Q.
1922 2198 2187 2262 fratrem
2230 2199 2484 2279 negotio
2520 2200 2882 2281 praeposui,

413 2306 490 2367 ut
534 2304 601 2366 in
648 2304 800 2368 vicis
850 2305 964 2367 aut
1010 2304 1211 2385 captis
1260 2307 1374 2368 aut
1418 2306 1586 2368 male
1633 2305 1876 2387 pacatis
1925 2305 2239 2369 exercitus
2288 2306 2719 2369 collocaretur.

328 2428 385 2468 ιι
591 2410 780 2475 Nunc
825 2410 1017 2474 velim
1065 2409 1154 2474 sic
1200 2410 1317 2474 tibi
1363 2410 1783 2494 persuadeas,
1847 2412 1901 2475 si
1948 2411 2024 2475 de
2071 2410 2150 2474 iis
2195 2411 2387 2476 rebus
2435 2411 2515 2476 ad
2578 2415 2882 2476 senatum

413 2518 690 2580 relatum
754 2516 867 2592 sit,
928 2535 1031 2580 me
1094 2517 1608 2581 existimaturum
1671 2536 1993 2581 summam
2038 2518 2197 2581 mihi
2242 2517 2499 2581 laudem
2545 2518 2880 2594 tributam,

414 2623 479 2685 si
523 2624 614 2686 tu
657 2621 1040 2686 honorem
1083 2642 1342 2703 meum„
1386 2625 1806 2688 sententia
1845 2626 1988 2688 tua
2019 2625 2611 2706 comprobaris;
2660 2624 2880 2707 idque,

413 2729 534 2792 etsi
580 2728 817 2793 talibus
866 2728 942 2791 de
989 2729 1177 2792 rebus
1225 2729 1632 2809 gravissimos
1679 2730 1968 2794 homines
2017 2732 2082 2794 et
2127 2749 2350 2811 rogare
2400 2730 2599 2794 solere
2649 2733 2716 2794 et
2777 2749 2879 2794 ro-

413 2836 549 2918 gari
609 2836 767 2911 scio,
829 2836 1047 2898 tamen
1110 2833 1581 2899 admonendum
1640 2837 1851 2918 potius
1914 2838 1977 2900 te
2027 2855 2064 2900 a
2109 2855 2212 2900 me
2261 2854 2455 2917 quam
2514 2835 2881 2917 rogandum

408 2943 581 3024 puto.
673 2942 782 3005 Tu
842 2960 909 3005 es
958 2941 1128 3004 enim
1173 2941 1260 3016 16,
1324 2942 1432 3021 qui
1477 2960 1582 3005 me
1629 2942 1759 3005 tuis
1809 2942 2144 3006 sententiis
2193 2943 2562 3024 saepissime
2611 2943 2877 3020 ornasti,

412 3048 521 3127 qui
568 3047 877 3124 oratione,
941 3048 1053 3129 qui
1097 3046 1597 3130 praedicatione,
1663 3050 1772 3129 qui
1835 3049 2102 3112 summis
2162 3047 2460 3112 laudibus
2507 3050 2573 3111 in
2622 3050 2881 3125 senatu,

406 3276 577 3330 Rufus
603 3276 702 3342 111,
732 3277 830 3331 33:
871 3275 1089 3342 „tribus
1126 3276 1232 3328 aris
1270 3276 1324 3328 in
1362 3276 1477 3345 ripa
1502 3276 1683 3328 Pinari
1720 3276 1887 3329 amnis
1915 3276 2025 3329 Iovi
2062 3280 2222 3347 atque
2257 3277 2476 3331 Herculi
2502 3278 2878 3348 Minervaeque

406 3364 629 3418 sacratis
657 3363 859 3433 Syriam
895 3364 1093 3433 petit“.
1134 3394 1201 3402 —-
1242 3365 1396 3434 ayris
1431 3363 1742 3431 vastandis,
1780 3380 1920 3433 quae
1948 3382 2092 3434 pars
2128 3367 2250 3420 eius
2283 3366 2503 3433 montis]
2546 3391 2610 3409 =
2650 3367 2716 3419 in
2753 3369 2878 3421 eius

404 3454 607 3508 montis
656 3454 811 3522 ayria
859 3452 1155 3507 vastandis
1202 3454 1276 3507 iis
1324 3453 1422 3522 qwi
1468 3458 1616 3506 swnt.
1691 3452 1790 3506 Ein
1826 3453 1939 3507 Teil
1976 3454 2068 3507 des
2104 3454 2634 3522 Amanus-Gebirges
2679 3456 2880 3522 gehort

404 3559 469 3595 zu
506 3541 706 3610 Syrien.

554 3644 574 3683 1
587 3643 633 3685 ο.
680 3630 1232 3696 Eleutherocilicum]
1282 3630 1381 3683 Die
1429 3631 1483 3683 in
1521 3630 1620 3683 den
1657 3630 2129 3700 hochstgelegenen
2166 3631 2333 3686 Orten
2371 3633 2623 3686 lebenden
2660 3632 2880 3687 Cilicier

405 3720 683 3773 straubten
721 3719 833 3772 sich
868 3736 1037 3787 gegen
1074 3718 1168 3771 das
1205 3718 1460 3771 romische
1494 3719 1529 3771 J
1531 3719 1629 3771 och
1666 3719 1774 3773 und
1811 3723 2047 3773 nannten
2085 3720 2198 3773 sich
2234 3737 2351 3774 zum
2378 3720 2730 3775 Unterschied
2769 3738 2879 3776 von

404 3807 504 3860 den
541 3806 770 3861 anderen
808 3848 839 3874 „
854 3807 938 3860 die
974 3808 1136 3861 freien
1172 3806 1283 3861 C.“.
1334 3837 1402 3845 --
1451 3822 1575 3860 eum
1614 3847 1625 3859 .
1649 3848 1660 3860 .
1683 3848 1694 3860 .
1735 3806 1882 3875 oum]
1931 3807 2049 3860 wir
2094 3808 2377 3862 verbinden
2427 3808 2593 3861 durch
2643 3850 2675 3875 ‚,
2690 3809 2806 3862 und
2822 3811 2876 3864 “.

401 3895 509 3948 Der
544 3898 685 3949 erste
712 3895 766 3949 N
766 3896 1011 3949 ebensatz
1048 3896 1261 3949 enthalt
1296 3896 1380 3949 die
1416 3895 1758 3962 allgemeinen
1785 3895 2164 3962 Verbaltnisse,
2202 3898 2295 3949 der
2331 3897 2510 3950 zweite
2547 3896 2648 3950 den
2684 3898 2879 3952 beson-

404 3983 560 4038 dereu
589 3982 792 4040 Grund.
830 3984 883 4039 S.
912 4001 976 4038 zu
1004 3984 1158 4054 epist.
1179 3985 1246 4050 X,
1277 3986 1326 4038 6.
1367 4013 1433 4021 —
1473 3984 1755 4050 aeewime]
1796 3985 1940 4051 „mit
1964 3984 2274 4052 Verlangen‚
2303 3984 2404 4037 mit
2429 3984 2778 4053 Ungeduld“.
2803 4017 2875 4026 —

404 4072 481 4126 ad
517 4073 976 4128 existimationem
1011 4072 1235 4142 imperii
1260 4070 1564 4142 pertinere]
1617 4088 1714 4137 „es
1762 4073 1835 4125 sei
1872 4089 1972 4125 von
2006 4071 2320 4140 Bedeutung
2355 4072 2439 4125 fiir
2474 4072 2558 4126 die
2594 4072 2736 4128 Ehre
2778 4076 2879 4129 des

402 4160 679 4217 Reiches“.
753 4152 898 4216 Uber
933 4162 1272 4217 existimatio
1312 4177 1354 4214 s.
1394 4177 1458 4213 zu
1495 4161 1653 4229 epist.
1691 4159 1761 4225 H,
1799 4160 1850 4214 2.

551 4263 629 4304 11.
669 4252 908 4306 relatum
944 4250 1043 4317 sit]
1080 4248 1408 4316 Konjunktiv
1445 4248 1538 4301 des
1573 4247 1696 4302 Fut.
1734 4247 1803 4303 H.
1842 4279 1910 4287 -
1946 4250 2204 4303 honorem
2237 4250 2436 4317 meum]
2477 4249 2604 4317 „die
2639 4251 2747 4304 mir
2787 4270 2880 4306 zu-

402 4339 790 4393 zuerkennende
825 4340 973 4406 (oder
1007 4338 1341 4404 beantragte)
1377 4335 1516 4389 Ehre
1529 4336 1559 4361 ‘⁴
1609 4336 1701 4390 des
1737 4337 2067 4391 Dankfestes.
2126 4366 2194 4376 --
2251 4342 2318 4391 tu
2353 4353 2407 4392 es
2442 4339 2589 4392 enim
2624 4339 2676 4394 ia
2687 4380 2704 4406 ,
2743 4342 2879 4409 qui]
