3146 4826
483 309 556 368 78
1143 310 1403 365 Ciceronis
1439 310 1695 379 epistulae
1733 309 1953 363 selectae
1989 308 2130 363 XIV.
2168 308 2283 363 XV.

485 472 750 548 cabum,
819 474 963 535 tum
1024 471 1186 535 duae
1248 471 1562 535 maximae
1627 470 1956 534 clientelae
2028 473 2177 533 tuae
2195 517 2209 546 ‚
2280 468 2528 551 Cyprus
2599 469 2810 532 insula
2882 471 2949 532 et

486 577 918 661 Cappadociae
966 595 1265 658 regnum,
1312 580 1527 642 tecum
1575 576 1652 640 de
1698 594 1800 639 1116
1847 576 2224 656 loquentur;
2280 578 2435 657 puto
2484 575 2679 640 etiam
2725 593 2948 656 regem

483 684 877 761 Deiotarum,
926 684 1036 764 qui
1081 702 1248 747 unus
1297 683 1415 747 tibi
1461 685 1561 746 est
1606 682 1880 746 maxime
1927 682 2342 745 necessarius.
2422 679 2598 759 Quae
2647 682 2702 744 si
2748 682 2949 746 etiam

481 791 724 855 maiora
785 793 939 854 sunt
999 792 1065 853 et
1124 789 1191 851 in
1252 789 1544 853 omnibus
1608 788 1877 852 saeculis
1938 788 2269 870 pauciores
2315 787 2434 851 viri
2480 787 2718 869 reperti
2775 789 2949 863 sunt,

485 896 594 978 qui
641 915 790 960 suas
838 896 1239 978 cupiditateS,
1289 914 1481 976 quam
1530 895 1641 975 qui
1685 895 1967 958 hostium
2017 894 2230 975 copias
2278 895 2623 971 vincerent,
2670 896 2771 958 est
2799 912 2948 976 pro-

483 1002 647 1067 fecto
693 1006 913 1079 tuum,
962 1021 1109 1065 cum
1156 1001 1237 1064 ad
1281 1019 1383 1065 res
1429 1001 1690 1065 bellicas
1736 1002 1895 1065 haec
1913 1049 1928 1077 ‚
1984 1019 2147 1081 quae
2195 1000 2436 1064 rariora
2482 1003 2546 1063 et
2592 999 2950 1064 difficiliora

485 1112 667 1186 sunt,
729 1127 961 1190 genera
1005 1107 1262 1171 virtutis
1311 1107 1708 1185 adiunxeris,
1769 1108 1941 1189 ipsas
1991 1107 2187 1171 etiam
2232 1108 2376 1171 illas
2423 1125 2524 1170 res
2573 1109 2788 1188 gestas
2851 1107 2950 1169 in-

401 1216 813 1278 inlustriores
863 1233 1000 1278 esse
1049 1217 1115 1278 et
1158 1214 1430 1278 maiores
1477 1217 1724 1296 putare.
1814 1214 2194 1277 Extremum
2238 1214 2401 1277 illud
2447 1216 2577 1290 est,
2637 1216 2714 1277 ut
2760 1214 2950 1294 quasi

485 1320 774 1385 diffidens
820 1321 1134 1402 rogationi
1177 1338 1358 1384 meae
1404 1321 2016 1402 philosophiam
2066 1320 2148 1384 ad
2193 1323 2257 1385 te
2306 1320 2613 1401 afflegem,
2663 1338 2790 1401 qua
2827 1338 2951 1383 1166

482 1427 642 1490 1111111
688 1427 889 1491 carior
935 1427 1068 1491 ulla
1114 1446 1423 1508 umquam
1468 1446 1570 1491 res
1628 1427 1693 1489 in
1754 1427 1888 1490 vita
1947 1427 2097 1504 fuit,
2157 1445 2275 1491 nec
2334 1427 2666 1491 hominum
2729 1427 2952 1507 generi

482 1534 692 1597 maius
740 1552 778 1597 a
824 1532 958 1597 deis
1004 1552 1240 1597 munus
1298 1534 1506 1597 ullum
1568 1535 1669 1597 est
1729 1533 1989 1596 datum:
2052 1534 2213 1597 haec
2272 1533 2500 1614 igitur,
2564 1551 2726 1613 quae
2787 1532 2952 1595 mihi

486 1643 704 1704 tecum
751 1640 1108 1704 communis
1156 1643 1272 1716 est,
1320 1640 1590 1704 societas
1639 1639 1997 1704 studiorum
2045 1641 2239 1720 atque
2287 1639 2524 1703 artium
2560 1641 2953 1715 nostrarum,

487 1747 717 1827 quibus
766 1764 803 1810 a
847 1745 1122 1828 pueritia
1168 1745 1369 1809 dediti
1417 1764 1491 1809 ac
1536 1746 1814 1810 devincti
1874 1745 1992 1809 soli
2051 1745 2509 1827 propemodum
2567 1764 2682 1810 nos
2744 1745 2955 1827 philo-

487 1853 775 1935 sophiam
820 1871 1036 1917 veram
1082 1852 1261 1915 illam
1310 1854 1374 1915 et
1420 1852 1779 1933 antiquam,
1843 1870 2006 1933 quae
2067 1851 2449 1932 quibusdam
2495 1851 2609 1915 otii
2670 1869 2808 1915 esse
2873 1870 2952 1914 ac

487 1958 762 2023 desidiae
804 1958 1072 2035 videtur,
1117 1959 1185 2021 in
1231 1957 1439 2021 forum
1486 1961 1681 2039 atque
1728 1958 1793 2020 in
1838 1977 1975 2022 rem
2020 1957 2342 2041 publicam
2391 1960 2582 2038 atque
2628 1958 2695 2020 in
2737 1958 2954 2039 ipsam

487 2066 688 2129 aciem
741 2084 941 2148 paene
999 2065 1402 2141 deduximus,
1471 2067 1689 2128 tecum
1745 2065 1880 2146 agit
1942 2064 2018 2128 de
2083 2083 2230 2128 mea
2284 2064 2499 2141 laude,
2569 2064 2673 2128 cui
2724 2065 2955 2145 negari

488 2190 526 2234 a
573 2170 815 2236 Catone
862 2172 960 2235 fas
1009 2189 1146 2235 esse
1193 2189 1319 2234 non
1365 2173 1539 2252 pute.

665 2276 874 2355 Quam
921 2278 998 2341 ob
1029 2296 1166 2341 rem
1197 2277 1313 2340 tibi
1360 2277 1451 2341 sic
1479 2277 1865 2359 persuadeas
1897 2277 2122 2341 velim:
2174 2278 2229 2340 si
2267 2278 2428 2340 mihi
2473 2279 2587 2341 tua
2620 2278 2952 2341 sententia

486 2384 767 2449 tributus
812 2383 1010 2447 honos
1059 2402 1134 2448 ex
1177 2383 1336 2448 meis
1383 2383 1619 2448 litteris
1671 2383 1882 2461 fuerit,
1929 2401 2033 2448 me
2083 2382 2174 2447 sic
2220 2382 2753 2461 existimaturum,
2800 2402 2958 2448 cum

490 2491 870 2554 auctoritate
919 2492 1035 2555 tua
1074 2494 1215 2554 tum
1247 2491 1688 2554 benevolentia
1734 2509 1883 2571 erga
1928 2508 2031 2553 1116
2079 2490 2255 2567 1111111,
2304 2490 2472 2570 quod
2518 2491 2791 2554 maxime
2843 2509 2960 2554 cu·

487 2597 729 2679 pierim‚
778 2598 1135 2678 contigisse.

486 2791 637 2844 habe.
676 2820 744 2829 ——
792 2790 1096 2859 clientelae]
1134 2791 1466 2858 Auswartige
1504 2789 1821 2844 Gemeinden
1860 2790 1967 2842 und
2003 2789 2223 2843 Staaten
2261 2790 2489 2843 wahlten
2527 2789 2640 2842 sich
2676 2789 2828 2842 einen
2865 2806 2961 2842 an·

486 2880 778 2948 geschenen
814 2880 1005 2933 Romer
1040 2880 1118 2932 als
1155 2880 1303 2933 ihren
1350 2880 1641 2946 Vertreter,
1691 2895 1780 2931 um
1824 2879 2148 2932 namentlich
2194 2878 2328 2932 auch
2364 2879 2514 2931 einen
2550 2877 2746 2931 Schutz
2782 2894 2958 2946 gegen

489 2968 573 3022 die
607 2968 1022 3036 Bedriickungen
1073 2970 1166 3021 der
1214 2967 1540 3021 Statthalter
1586 2985 1649 3020 zu
1695 2967 1865 3020 haben
1912 2968 2038 3034 (vgl.
2077 2984 2265 3021 unsere
2300 2967 2553 3035 heutigen
2587 2966 2830 3020 Konsuln
2878 2966 2958 3019 im

485 3057 790 3122 Auslande).
865 3056 931 3109 So
980 3073 1150 3109 waren
1200 3056 1283 3109 die
1322 3055 1595 3126 Scipionen
1634 3055 1716 3108 die
1752 3055 1979 3109 Patrone
2016 3071 2116 3108 von
2151 3055 2335 3109 Afrika
2350 3097 2363 3123 ,
2412 3055 2495 3108 die
2530 3054 2806 3108 Marceller
2853 3071 2958 3107 von

492 3145 730 3211 Sicilien,
781 3144 864 3196 die
900 3143 1088 3197 Fabier
1124 3145 1208 3197 die
1245 3146 1339 3198 (161
1373 3144 1713 3212 Allobroger,
1750 3144 1834 3197 die
1868 3132 2091 3197 Ilmilier
2126 3161 2225 3198 von
2261 3144 2611 3198 Mazedonien.
2665 3174 2734 3183 —
2781 3143 2959 3213 quae]

492 3274 524 3298 ‚‚
540 3233 680 3285 disse
715 3231 1073 3301 Lobsprt'iche,
1124 3233 1207 3286 die
1243 3250 1343 3287 von
1379 3234 1539 3287 ihnen
1573 3233 1913 3303 gepriesenen
1949 3232 2258 3287 Verdienste
2273 3233 2320 3287 “.
2396 3233 2579 3286 Solche
2630 3249 2957 3286 zusammen-

488 3321 762 3373 fassenden
791 3319 1148 3388 Substantive,
1177 3322 1272 3375 wie
1300 3322 1395 3375 wir
1423 3321 1498 3374 sie
1525 3322 1600 3374 im
1626 3321 1929 3374 Deutschen
1957 3324 2151 3388 setzen,
2191 3321 2382 3374 drfickt
2408 3321 2502 3374 der
2526 3320 2770 3374 Lateiner
2797 3321 2958 3374 nicht

488 3409 770 3463 besonders
819 3425 930 3462 aus.
982 3438 1050 3447 ——
1101 3410 1270 3463 etiam
1305 3410 1543 3477 maiora]
1596 3451 1628 3477 „
1644 3409 1778 3463 noch
1822 3410 2218 3463 bedeutender⁸‘
2271 3410 2351 3463 als
2396 3409 2531 3463 nach
2575 3409 2781 3463 meinen
2818 3410 2960 3463 Aus-

488 3498 799 3566 ffihrungen.

640 3598 718 3639 16.
768 3585 833 3637 in
881 3584 1066 3650 forum
1103 3627 1115 3639 .
1137 3628 1149 3639 .
1171 3627 1183 3638 .
1225 3586 1582 3655 deduximus]
1634 3587 1685 3640 d.
1721 3588 1775 3641 h.
1825 3587 1918 3640 wir
1962 3587 2114 3640 beide
2158 3587 2330 3640 haben
2366 3587 2449 3640 die
2485 3586 2825 3656 Philosophie
2860 3587 2961 3641 der

491 3673 748 3728 Griechen
776 3674 1113 3742 praktischen
1140 3675 1386 3728 Zwecken
1415 3675 1690 3729 dienstbar
1717 3676 1976 3744 gemacht.
2005 3704 2079 3714 —
2106 3682 2209 3730 tua
2235 3675 2531 3742 sententia]
2561 3675 2773 3742 „durch
2800 3676 2959 3729 deine

490 3761 708 3815 Stimme
756 3761 840 3813 fiir
887 3761 1090 3816 mich“.
1147 3793 1212 3801 -
1263 3778 1330 3816 θα)
1379 3764 1512 3818 meis
1562 3762 1785 3832 litteris]
1836 3763 1976 3831 „auf
2015 3764 2154 3817 mein
2191 3763 2466 3817 amtliches
2502 3762 2833 3816 Schreiben“
2885 3781 2960 3817 an

491 3851 591 3904 den
626 3849 803 3903 Sonat.

1642 3939 1805 4005 XV.

710 4045 784 4099 M.
823 4044 954 4100 Cato
989 4045 1168 4114 griisst
1205 4045 1307 4098 (1611
1341 4044 1629 4099 Feldherrn
1664 4045 1741 4100 M.
1777 4044 1970 4100 Cicero.
2042 4045 2192 4114 Rom,
2230 4046 2304 4099 im
2338 4045 2600 4114 Friihjahr
2636 4047 2724 4102 50.

551 4166 552 4169 =
1055 4137 1183 4187 Elin
1217 4136 1551 4187 Vertreter
1588 4136 1704 4186 des
1742 4136 1915 4187 alten
1948 4136 2375 4188 Bfimertums.

492 4248 496 4253 v
633 4221 742 4275 Das
777 4221 832 4275 in
870 4224 988 4276 dem
1015 4223 1227 4290 vorigen
1253 4221 1401 4274 Brief
1429 4222 1765 4289 gewiinschte
1789 4221 2049 4275 Dankfest
2073 4223 2159 4276 fiir
2186 4222 2288 4276 (1611
2314 4222 2746 4277 ruhmliebenden
2772 4224 2960 4279 Cicero

492 4308 667 4362 wurde
711 4310 1044 4364 beschlossen
1059 4353 1072 4377 ,
1122 4309 1250 4362 aber
1284 4307 1414 4363 Cato
1451 4309 1687 4363 stimmte
1723 4309 1956 4378 dagegen
1971 4352 1985 4377 ,
2035 4311 2152 4365 weil
2198 4328 2256 4365 61
2303 4311 2400 4365 das
2435 4309 2643 4366 Gesuch
2680 4312 2839 4367 nicht
2872 4314 2960 4368 fiir
