3146 4826
3088 173 3089 206 l

414 265 526 326 218
1132 266 1393 322 ciceronis
1427 267 1685 337 epistulae
1722 268 1942 324 selectae
1976 266 2168 321 Lxm.

419 447 592 505 mus,
638 429 733 493 ita
776 446 1156 512 persuasum
1203 429 1342 492 erat
1387 426 1658 504 civitati,
1703 429 1778 491 ut
1821 427 2007 492 illum
2052 427 2184 491 iam
2230 445 2607 511 oppressum
2655 444 2873 520 omnes
3088 379 3089 416 ¹

416 534 903 611 arbitrarentur,
948 535 1013 598 te
1060 536 1278 599 autem
1324 534 1391 598 in
1419 533 1678 598 Italiam
1709 534 1922 599 venire
1954 552 2103 599 cum
2135 532 2432 610 exercitu,
2477 535 2572 610 ut,
2617 533 2674 597 si
2702 533 2878 598 ‚haec

417 660 497 706 ex
557 641 877 706 sententia
930 639 1215 706 confecta
1271 642 1514 718 essent,
1573 640 1832 706 consilio
1894 641 2088 723 atque
2133 638 2513 704 auctoritate
2569 640 2719 716 tua,
2778 639 2878 703 sin

417 747 576 830 quid
606 746 767 814 forte
799 747 1170 825 titubatum,
1217 749 1293 811 ut
1334 746 1412 811 fit
1439 747 1507 811 in
1537 747 1721 824 belle,
1768 747 2049 811 exercitu
2079 748 2192 811 tuo
2221 745 2591 810 niteremur.
2668 744 2879 823 Quem

416 853 679 936 quidem
726 872 841 936 ego
888 853 1236 918 exercitum
1276 853 1784 935 quibuscumque
1828 854 2093 937 potuero
2138 853 2332 918 rebus
2378 851 2645 926 ornab03
2694 851 2877 916 cuius

419 960 511 1025 rei
557 961 697 1024 tum
743 962 999 1044 tempus
1049 960 1186 1038 erit,
1234 979 1399 1037 cum,
1446 960 1599 1041 quid
1647 960 1783 1043 opis
1828 960 1921 1024 rei
1964 959 2256 1044 publicae
2301 959 2552 1023 laturus
2597 959 2653 1022 is
2703 976 2878 1023 exer-

419 1066 584 1131 citus
632 1067 718 1134 sit
764 1067 878 1130 aut
925 1065 1077 1148 quid
1121 1066 1251 1130 iam
1296 1065 1543 1143 tulerit,
1600 1067 1826 1132 notum
1880 1084 2020 1131 esse
2067 1064 2359 1149 coeperit.
2449 1064 2620 1129 Nam
2666 1063 2879 1130 adhue

421 1173 680 1237 tantum
727 1163 992 1237 conatus
1054 1171 1405 1237 audiuntur
1419 1220 1435 1249 ,
1496 1172 1718 1255 optimi
1778 1171 1874 1237 illi
1934 1171 2193 1254 quidem
2251 1173 2320 1236 et
2361 1172 2878 1256 praeclarissimi,

420 1278 531 1343 sed
578 1279 760 1360 gesta
799 1296 902 1343 res
935 1281 1358 1361 exspectatur,
1405 1296 1601 1361 quam
1634 1278 1892 1361 quidem
1924 1280 2040 1343 aut
2067 1278 2196 1343 iam
2243 1297 2382 1344 esse
2430 1278 2716 1360 aliquam
2762 1280 2879 1343 aut

365 1403 394 1445 ο
420 1383 923 1467 appropinquare
957 1385 1214 1450 confido.
1289 1385 1427 1449 Tua
1470 1385 1709 1450 virtute
1758 1386 1826 1449 et
1853 1385 2295 1467 magnitudine
2328 1385 2524 1449 animi
2566 1384 2733 1449 nihil
2777 1387 2879 1449 est

416 1491 734 1567 nobilium,
782 1492 1000 1573 itaque
1062 1493 1471 1575 optamuS‚
1530 1493 1623 1556 ut
1670 1510 1904 1574 quam
1950 1492 2296 1574 primum
2350 1494 2431 1556 te
2485 1493 2566 1556 in
2612 1491 2878 1556 Italia

416 1597 868 1663 videamus:
926 1616 1089 1662 rem
1133 1598 1548 1702 publiqam
1594 1617 1736 1663 nos
1781 1599 2081 1664 habere
2129 1597 2759 1674 arbitrabimur,
2809 1599 2879 1662 si

416 1723 555 1769 vos
601 1704 1099 1770 habebimus.

591 1811 1029 1876 Praeclare
1099 1811 1595 1888 viceramus,
1665 1812 1833 1876 nisi
1903 1811 2386 1894 spoliatum,
2452 1807 2877 1886 inermem,

415 1916 870 1999 fugientem
929 1917 1282 2000 Lepidus
1343 1918 1809 2001 recepisset
1869 1916 2341 1989 Antonium;
2411 1916 2627 1997 itaque
2686 1934 2878 1979 num-

418 2042 613 2105 quam
668 2025 849 2088 tanto
906 2023 1045 2088 odio
1093 2023 1335 2088 civitati
1380 2024 1695 2088 Antonius
1742 2023 1895 2100 fuit,
1947 2025 2195 2105 ,quanto
2243 2023 2343 2086 est
2387 2021 2703 2104 Lepidus:
2765 2022 2874 2085 ille

417 2130 587 2194 enim
634 2148 708 2194 ex
754 2131 1125 2196 turbulenta
1171 2149 1239 2195 re
1285 2131 1556 2214 publica,
1602 2131 1707 2195 hic
1752 2150 1827 2195 ex
1872 2148 2026 2213 pace
2073 2131 2143 2194 et
2189 2129 2451 2194 victoria
2480 2128 2724 2193 bellum
2771 2146 2876 2192 ex—

416 2236 652 2301 citavit.
728 2236 897 2301 Huic
938 2237 1256 2319 oppositos
1289 2238 1581 2302 consules
1614 2237 1977 2319 designatos
2008 2236 2336 2312 habemuS,
2382 2235 2449 2299 in
2497 2234 2727 2316 quibus
2775 2236 2877 2299 est

414 2360 650 2425 magna
694 2343 806 2406 illa
854 2342 1109 2425 quidem
1159 2361 1320 2427 speS‚
1369 2343 1480 2407 sed
1527 2361 1760 2426 anceps
1808 2344 2025 2426 [cura]
2071 2343 2328 2426 propter
2356 2343 2630 2405 incertos
2665 2341 2871 2405 exitus

414 2449 813 2530 proeliorum.

364 2572 390 2611 4
593 2554 915 2619 Persuade
961 2555 1080 2619 tibi
1124 2555 1338 2636 igitur,
1383 2556 1462 2618 in
1508 2558 1587 2620 te
1636 2558 1716 2620 et
1759 2556 2127 2619 inBruto
2175 2558 2310 2619 tuo
2358 2572 2533 2618 esse
2581 2554 2872 2630 emnia,

415 2679 528 2725 vos
575 2662 951 2744 exspectari,
1010 2662 1290 2726 Brutum
1337 2662 1595 2743 quidem
1641 2663 1771 2726 iam
1817 2663 2089 2744 iamque.
2182 2659 2365 2739 Quod
2412 2661 2493 2737 si,
2546 2662 2623 2724 ut
2670 2679 2871 2743 spere,

416 2768 598 2832 victis
629 2768 921 2832 hostibus
951 2768 1189 2833 nestris
1221 2769 1540 2846 veneritiS,
1570 2771 1792 2834 tamen
1824 2768 2205 2833 auctoritate
2236 2768 2452 2831 vestra
2482 2784 2584 2830 res
2616 2766 2873 2848 publica

560 3043 606 3083 2.
654 3032 835 3100 illam]
874 3031 1238 3087 Dolabellam.
1287 3063 1353 3072 —
1404 3033 1561 3100 haec]
1611 3074 1641 3100 „
1659 3033 1742 3086 die
1776 3032 1948 3101 Dinge
1984 3031 2099 3084 hier
2132 3031 2188 3085 in
2223 3030 2415 3084 Italien
2430 3031 2478 3084 “.
2551 3030 2669 3083 Wie
2705 3034 2871 3084 unten

414 3120 446 3186 ἓ
474 3119 509 3173 4
544 3118 636 3186 (si,
673 3125 740 3173 ut
774 3137 949 3189 spero,
986 3122 1150 3176 victis
1185 3122 1435 3176 hostibus
1469 3123 1674 3176 uostris
1708 3121 2008 3188 veneritis),
2046 3137 2104 3174 so
2139 3120 2260 3175 halt
2295 3136 2351 3173 es
2378 3119 2487 3175 Cic.
2514 3119 2702 3173 immer
2735 3119 2871 3172 noch

413 3207 498 3261 ffir
533 3207 788 3276 meglieh,
828 3208 945 3263 dass
983 3210 1075 3263 der
1110 3208 1273 3277 Krieg
1307 3210 1408 3263 mit
1442 3209 1705 3263 Antonius
1742 3209 1866 3263 bald
1901 3209 2127 3263 beendet
2162 3210 2367 3263 werden
2402 3209 2584 3262 kenne.
2624 3237 2693 3247 -
2733 3208 2869 3263 titu-

416 3296 606 3352 batum
642 3297 849 3366 (esseffl
906 3339 935 3364 ‚,
949 3314 1095 3351 wenn
1132 3315 1188 3352 es
1225 3302 1362 3352 etwa
1398 3297 1565 3352 sehief
1596 3298 1728 3365 gehe
1742 3299 1790 3352 “.
1841 3288 1910 3339 '--
1959 3297 2193 3365 ornabo]
2233 3296 2746 3364 „Auszeiehnungen
2793 3313 2871 3350 er·

415 3384 668 3437 wirken“.
743 3384 862 3452 Vgl.
902 3385 1039 3440 Einl.
1079 3403 1143 3440 zu
1189 3387 1343 3457 epist.
1391 3385 1525 3440 LXI.
1581 3416 1648 3424 —
1700 3385 1953 3453 conatus]
2004 3387 2078 3440 im
2116 3383 2407 3454 Gegensatz
2457 3402 2521 3439 zu
2568 3400 2653 3439 res
2696 3390 2866 3454 qesta.

412 3471 528 3526 Wir
563 3474 739 3526 setzen
780 3472 1029 3540 ,‚b10rse“
1067 3475 1240 3530 hinzu.

559 3574 605 3615 3.
642 3562 970 3630 viceramus]
1006 3564 1116 3618 Der
1150 3564 1419 3618 Indikativ
1454 3565 1527 3617 im
1562 3563 1618 3617 N
1618 3564 1831 3617 achsatz
1868 3563 2009 3616 eines
2045 3563 2266 3617 irrealen
2304 3562 2639 3630 Satzgeffiges
2677 3562 2871 3616 driiekt

411 3666 524 3717 aus,
561 3649 679 3703 dass
716 3651 800 3704 die
826 3650 986 3720 Folge
1022 3652 1406 3706 unzweifelhaft
1440 3650 1623 3719 gewiss
1658 3667 1893 3720 gewesen
1928 3656 2082 3704 wiire.
2137 3650 2211 3703 Er
2235 3651 2312 3704 ist
2336 3650 2657 3704 namentlich
2686 3650 2869 3718 hfiufig

411 3738 494 3792 bei
522 3737 753 3793 Tacitus.
784 3769 852 3778 —
880 3756 949 3795 ex
976 3742 1298 3796 twrbuleuta
1321 3755 1382 3794 re
1400 3739 1655 3808 publica]
1685 3755 1821 3807 „aus
1850 3739 2216 3806 stiirmischen,
2244 3738 2662 3794 revolutioniiren
2686 3739 2868 3793 Zeiten

410 3826 601 3880 heraus
614 3827 662 3881 “.
703 3858 770 3865 —
818 3844 886 3882 ex
921 3829 1183 3897 victoria]
1222 3829 1349 3882 wird
1385 3828 1552 3881 durch
1580 3828 1873 3897 praeclare
1908 3828 2210 3883 viceramus
2244 3829 2458 3882 erklart.
2500 3858 2566 3867 —
2617 3828 2869 3884 consules

412 3915 749 3984 desiquatos]
798 3916 865 3970 D.
901 3917 1105 3971 Brutus
1157 3917 1265 3971 und
1312 3917 1368 3970 L.
1416 3916 1691 3970 Munatius
1736 3915 1979 3970 Plancus.
2034 3946 2101 3954 —
2152 3917 2373 3985 anceps]
2427 3958 2457 3984 ,‚
2471 3917 2820 3972 schwankend
2835 3917 2865 3943 “

409 4007 498 4071 (--
539 4004 661 4058 zwei
696 4003 863 4076 defe
896 4006 1138 4071 habend).

555 4104 603 4146 4.
650 4093 768 4148 iam
801 4094 1042 4162 iamque]
1082 4136 1113 4162 „
1126 4094 1288 4148 sehon
1322 4111 1418 4163 gar
1452 4095 1668 4164 lange“.
1708 4124 1777 4135 —
1815 4095 2018 4162 tamen]
2056 4093 2226 4163 Wenn
2263 4093 2397 4147 auch
2432 4093 2516 4148 die
2551 4093 2748 4148 Feinde
2784 4096 2866 4149 bis

410 4181 571 4236 dahin
608 4182 768 4236 sehon
804 4183 1010 4250 besiegt
1046 4183 1166 4237 sind
1191 4225 1204 4250 ‚
1258 4199 1316 4237 so
1359 4183 1546 4238 bedarf
1593 4184 1686 4238 der
1721 4185 1876 4239 Staat
1913 4184 2047 4238 doch
2082 4182 2217 4237 noch
2252 4198 2402 4236 eures
2437 4181 2737 4248 Ansehens,
2777 4199 2866 4236 um

413 4269 524 4322 sich
560 4286 625 4322 zu
661 4270 901 4324 erheben.
