3146 4826
960 342 1222 398 Ciceronis
1258 344 1513 414 epistulae
1551 346 1774 399 selectae
1809 345 1932 399 XII.
2610 344 2680 404 51

118 587 127 592 ·
216 503 590 577 cernebam;
654 522 808 567 nam
860 523 1066 585 neque
1115 504 1193 568 de
1240 506 1672 569 monumentis
1719 505 1878 569 meis
1927 505 2005 569 ab
2052 506 2129 569 iis
2179 505 2436 571 adiutus
2484 526 2582 583 es,
2643 527 2681 571 a

217 608 449 688 quibus
500 608 804 685 debuisti,
849 628 1058 691 neque
1107 610 1184 674 de
1232 611 1295 674 vi
1339 610 1583 675 nefaria
1600 658 1614 685 ,
1663 629 1790 692 qua
1840 629 1987 674 cum
2031 610 2228 675 fratre
2276 631 2451 676 eram
2497 612 2684 678 domo

215 715 556 796 expulsus;
603 734 811 797 neque
856 716 1115 781 hercule
1162 717 1229 780 in
1274 717 1352 780 iis
1396 717 1553 799 ipsis
1599 718 1808 794 rebus,
1857 735 2019 798 quae
2058 735 2452 800 quamquam
2499 723 2682 784 erant

213 820 371 883 mihi
431 824 697 905 propter
756 822 849 885 rei
910 822 1243 887 familiaris
1304 822 1640 905 naufragia
1698 824 2129 901 necessariae,
2200 826 2418 888 tamen
2480 843 2516 888 a
2577 844 2679 890 me

211 926 465 991 minimi
522 929 918 1010 putabantur
933 978 948 1006 ,
1007 930 1076 992 in
1136 930 1299 994 meis
1361 929 1612 994 damnis
1676 948 1751 994 ex
1812 930 2190 995 auctoritate
2239 933 2500 995 senatus
2549 949 2681 996 sar-

213 1033 455 1096 ciendis
506 1052 650 1097 eam
695 1035 1121 1111 voluntatem,
1183 1054 1378 1116 quam
1423 1038 1889 1118 exspectaram,
1934 1037 2409 1118 praestiterunt.
2502 1035 2679 1115 Quae

212 1159 362 1202 cum
409 1140 697 1204 viderem
745 1178 827 1186 —-
873 1159 1083 1222 neque
1133 1144 1315 1205 erant
1362 1143 1630 1206 obscura
1678 1178 1783 1218 —-,
1833 1161 1961 1206 non
2006 1143 2226 1208 tamen
2271 1146 2409 1208 tam
2455 1145 2680 1208 acerba

208 1246 373 1308 mihi
417 1246 581 1310 haec
613 1246 1001 1324 accidebant,
1051 1266 1246 1329 quam
1278 1251 1460 1312 erant
1490 1248 1603 1312 illa
1635 1250 1837 1329 grata,
1886 1268 2049 1330 quae
2081 1250 2382 1313 fecerant.
2448 1249 2678 1331 Itaque
2707 1268 2732 1308 s
2752 1264 2823 1320 (e)

211 1369 615 1432 quamquam
662 1355 726 1416 et
764 1353 1063 1436 Pompeio
1109 1342 1476 1438 plurimum,
1523 1357 1588 1418 te
1638 1354 1896 1436 quidem
1941 1355 2078 1437 ipso
2124 1355 2558 1438 praedicatore
2608 1376 2681 1421 ac

207 1461 414 1535 teste,
471 1458 782 1523 debebam
829 1460 894 1523 et
941 1479 1089 1524 eum
1133 1480 1261 1525 non
1307 1461 1515 1525 solum
1560 1461 1894 1538 beneficiO,
1957 1461 2068 1526 sed
2115 1480 2327 1527 amore
2375 1463 2571 1528 etiam
2617 1466 2682 1528 et

206 1566 524 1646 perpetuo
574 1565 850 1645 quodam
896 1566 1125 1630 iudicio
1171 1585 1312 1631 meo
1346 1566 1703 1648 diligebam,
1749 1569 1969 1630 tamen
1998 1586 2127 1631 non
2158 1570 2479 1650 reputans,
2528 1569 2679 1650 quid

206 1671 321 1734 ille
385 1671 611 1747 vellet,
680 1672 749 1733 in
810 1672 1177 1736 omnibus
1244 1674 1444 1737 meis
1515 1673 1972 1737 sententiis
2043 1673 2133 1737 de
2201 1692 2282 1738 re
2351 1675 2681 1756 publica

206 1776 606 1858 pristinis
653 1779 1240 1859 permanebam.

395 1883 532 1964 Ego
581 1882 840 1947 sedente
889 1883 1000 1948 Cn.
1046 1884 1376 1967 Pompei0‚
1424 1903 1600 1961 cum,
1649 1888 1723 1949 ut
1767 1885 2063 1949 laudaret
2107 1885 2177 1949 P.
2228 1886 2539 1966 Sestium,
2585 1888 2680 1951 in-
2706 1902 2823 1959 ιω)

208 1990 484 2053 troisset
541 1991 609 2053 in
670 1990 897 2055 urbem
958 1990 1344 2072 dixissetque
1400 1992 1586 2055 testis
1646 1991 1947 2056 Vatinius
2017 2011 2133 2056 me
2202 1992 2536 2058 fortuna
2605 1999 2681 2060 et

206 2220 401 2285 sollen,
429 2219 609 2272 erfuhr
626 2218 732 2273 Cic.
753 2236 854 2272 nur
880 2219 1118 2285 dunkles‚
1148 2220 1260 2273 also
1286 2220 1437 2274 nicht
1464 2219 1771 2286 deutliches‚
1802 2221 1992 2286 „laues
2014 2220 2588 2289 Entgegenkommen“.
2610 2251 2677 2262 -

206 2308 280 2361 de
317 2307 711 2374 monumentis]
760 2307 844 2360 Da
878 2313 1291 2362 monumentum
1327 2307 1461 2361 nach
1498 2308 1593 2361 der
1628 2307 1927 2376 Erklarung
1977 2309 2113 2362 alter
2150 2307 2537 2364 Grammatiker
2585 2310 2681 2365 das

205 2397 302 2462 ist,
344 2395 493 2465 quod
530 2401 584 2450 et
620 2396 828 2449 mortui
865 2411 1036 2451 causa
1064 2396 1419 2463 aedificatum
1453 2402 1508 2452 et
1534 2396 1814 2466 quidquid
1848 2398 1915 2453 ob
1943 2398 2258 2453 memoriam
2286 2398 2437 2467 aleis.
2464 2398 2681 2465 factum

208 2490 325 2552 est,
382 2501 438 2538 so
486 2484 710 2538 handelt
758 2501 815 2537 es
865 2485 976 2538 sich
1025 2484 1140 2538 hier
1188 2485 1340 2538 nicht
1385 2484 1523 2538 blofs
1573 2502 1662 2539 um
1712 2486 1796 2540 die
1846 2489 2138 2540 zerstbrten
2175 2484 2421 2541 Gebaude
2458 2486 2679 2555 Ciceros,

211 2573 445 2627 sondern
489 2573 628 2626 wohl
665 2573 798 2626 auch
845 2590 936 2626 um
980 2573 1280 2627 offentliche
1315 2573 1634 2627 Inschriften
1684 2591 1748 2627 zu
1796 2574 1971 2629 Ehren
2008 2574 2242 2642 Ciceros,
2294 2575 2378 2629 die
2425 2575 2680 2629 Lentulus

207 2663 500 2729 beantragt
525 2662 696 2714 hatte.
737 2691 805 2701 —
845 2661 910 2716 de
935 2663 990 2716 vi
1016 2662 1265 2729 nefaria]
1297 2661 1348 2715 S.
1382 2679 1445 2715 zu
1472 2663 1629 2732 epist.
1656 2662 1748 2730 XI,
1778 2664 1828 2718 2.
1869 2693 1938 2702 —
1975 2679 2042 2717 eoe
2068 2663 2403 2718 auctoritate
2431 2664 2680 2733 senatus]

210 2776 278 2794 =
320 2766 392 2804 ex
424 2756 656 2805 senaws
692 2752 954 2805 consulto.
990 2780 1062 2789 -—
1097 2767 1238 2819 quae
1274 2750 1550 2817 fecerant]
1589 2750 1741 2805 Seine
1776 2751 2139 2805 Dankbarkeit
2173 2751 2256 2805 fiir
2291 2752 2386 2805 das
2402 2793 2415 2819 ,
2452 2769 2559 2806 was
2596 2753 2683 2806 die

208 2839 525 2910 Optimaten
559 2839 647 2891 fiir
681 2839 775 2892 ihn
811 2840 1008 2906 gethan
1044 2840 1232 2894 hatten
1246 2881 1259 2906 ,
1308 2839 1484 2893 wurde
1519 2839 1632 2892 also
1669 2839 1832 2892 durch
1867 2840 1987 2908 jene
2021 2839 2494 2908 Enttauschungen
2529 2841 2681 2894 nicht

208 2927 455 2981 erstickt.

367 3029 392 3070 3
408 3022 486 3078 (6).
526 3021 578 3069 te
604 3015 1002 3083 praedicatore
1038 3033 1107 3070 ac
1145 3017 1298 3083 teste]
1340 3017 1516 3084 „nach
1554 3016 1758 3070 deinem
1794 3016 2008 3084 eigenen
2045 3016 2364 3070 ruhmenden
2391 3016 2679 3085 Zeugnis“,

213 3106 283 3158 da
321 3105 394 3158 du
426 3104 484 3173 ja
519 3104 723 3157 damals
758 3104 814 3157 in
849 3105 985 3158 Rom
1021 3104 1101 3158 als
1135 3105 1341 3158 Konsul
1377 3104 1652 3158 anwesend
1688 3107 1865 3158 warst.
1905 3134 1972 3142 -
2011 3104 2283 3173 beneficio]
2338 3123 2550 3175 „wegen
2586 3106 2684 3161 der

213 3193 501 3246 Wohlthat
553 3193 647 3246 der
681 3192 1148 3261 Riickberufung“.
1200 3224 1269 3231 —
1315 3209 1432 3247 non
1467 3198 1734 3261 reputans
1771 3191 1908 3261 quid
1943 3192 2036 3247 ille
2070 3192 2246 3261 vellet]
2298 3235 2328 3260 ‚,
2341 3193 2474 3248 ohne
2508 3194 2680 3248 Riick-

214 3282 360 3335 sicht
394 3282 488 3335 auf
521 3282 664 3335 seine
698 3280 1023 3335 Wiinsche“.

363 3383 387 3422 4
408 3375 487 3432 (7).
539 3370 658 3439 eqo]
708 3370 836 3423 Drei
885 3371 1216 3425 erlauternde
1252 3371 1509 3442 Beispiele
1556 3371 1642 3423 fiir
1690 3370 1802 3424 sein
1851 3370 2081 3438 mutiges
2116 3369 2425 3423 Festhalten
2472 3387 2540 3422 an
2585 3370 2683 3424 der

214 3459 380 3513 Sache
418 3459 512 3512 der
549 3458 973 3529 Staatsrepublik
1008 3460 1196 3528 folgen.
1269 3460 1413 3513 Wir:
1466 3459 1577 3527 „So
1625 3459 1760 3512 habe
1795 3458 1942 3512 ich“.
2015 3458 2114 3512 Die
2162 3458 2526 3512 einzelnen
2561 3457 2678 3512 Bei-

215 3548 377 3617 spiele
413 3547 624 3601 werden
659 3547 799 3601 dann
835 3548 1134 3616 eingeffihrt
1170 3548 1337 3601 durch
1372 3548 1666 3616 dixique,
1704 3547 1815 3600 und
1850 3548 1881 3615 ξ
1916 3546 1951 3600 8
1988 3546 2154 3599 durch
2188 3536 2472 3613 Ubergang
2504 3562 2678 3615 neque

214 3652 342 3691 vero
379 3677 390 3690 .
416 3678 426 3689 .
451 3677 462 3689 .
499 3637 662 3690 modo
674 3676 692 3703 ,
729 3637 825 3691 sed
841 3656 859 3690 .-
907 3638 963 3702 1)
997 3637 1120 3691 Sein
1154 3637 1437 3691 Austreten
1483 3653 1651 3704 gegen
1685 3636 1933 3690 Vatinius
1950 3677 1964 3702 ‚
2015 3635 2072 3700 2)
2115 3634 2229 3688 eine
2262 3622 2564 3702 Russerung
2613 3652 2677 3689 zu

215 3725 395 3795 Pomp.
413 3766 427 3791 ‚
468 3726 528 3790 3)
563 3725 677 3777 sein
712 3723 922 3792 Antrag
957 3724 1086 3778 iiber
1122 3725 1205 3778 die
1240 3724 1681 3793 Landaufteilung
1716 3725 1772 3778 in
1808 3723 2150 3795 Kampanien.
2190 3752 2258 3761 —
2294 3721 2531 3791 sedente]
2576 3741 2677 3777 von

216 3814 355 3868 allen
390 3815 583 3881 gesagt
596 3855 609 3879 ,
659 3813 744 3866 die
780 3812 985 3866 offiziell
1020 3829 1112 3867 vor
1149 3812 1367 3867 Gericht
1404 3830 1469 3867 zu
1517 3813 1656 3867 thun
1703 3813 1873 3867 haben
1888 3855 1901 3879 ,
1949 3828 2067 3866 vom
2101 3811 2322 3864 Richter
2336 3854 2349 3877 ‚
2399 3828 2516 3865 vom
2550 3812 2677 3867 Ver-

216 3902 441 3970 teidiger
457 3944 470 3969 ,
520 3917 640 3955 vom
675 3901 882 3969 Zeugen
895 3943 909 3968 ‚
960 3901 1086 3955 oder
1120 3901 1215 3954 wie
1251 3901 1366 3955 hier
1399 3918 1516 3955 vom
1555 3900 1836 3967 laudator,
1886 3901 1978 3954 der
2025 3899 2248 3968 inbezug
2296 3901 2390 3953 auf
2418 3899 2676 3955 Vorleben

216 3990 327 4054 und
352 3989 629 4045 Leumund
664 3989 994 4043 entlastende
1022 3989 1299 4058 Aussagen
1334 3990 1418 4043 fiir
1453 3990 1555 4044 den
1581 3989 1946 4057 Angeklagten
1983 4005 2048 4041 zu
2082 3988 2300 4042 machen
2336 3989 2505 4042 hatte.
2568 3988 2679 4042 Der

217 4078 296 4132 oft
319 4081 589 4147 genannte
616 4078 675 4131 P.
705 4077 910 4131 Sestius
935 4081 1023 4145 (zu
1050 4078 1205 4148 epist.
1233 4077 1356 4144 VII,
1383 4079 1440 4143 2)
1464 4094 1575 4131 war
1601 4077 1885 4144 angeklagt
1911 4092 2091 4142 wegen
2116 4075 2347 4144 Storung
2374 4076 2468 4129 der
2493 4075 2676 4129 offent-

215 4167 388 4221 lichen
414 4166 571 4221 Ruhe
598 4166 710 4220 und
737 4165 1029 4220 Sicherheit
1055 4166 1148 4234 (de
1175 4167 1274 4234 vi),
1302 4166 1460 4220 deren
1487 4183 1543 4220 er
1570 4166 1651 4219 als
1678 4164 1877 4217 Tribun
1904 4164 1991 4229 57,
2021 4162 2102 4216 als
2128 4180 2185 4216 es
2214 4164 2325 4217 sich
2352 4180 2443 4217 um
2470 4161 2674 4217 Ciceros

213 4255 604 4325 Begnadigung
639 4255 906 4322 handelte,
943 4255 1054 4309 sich
1092 4255 1336 4323 schuldig
1369 4254 1616 4323 gemacht
1649 4253 1817 4306 hatte.
1882 4251 1981 4304 Die
2007 4251 2283 4319 folgenden
2309 4239 2674 4318 Russerungen

214 4345 423 4400 Ciceros
457 4361 630 4414 gegen
654 4344 921 4410 Vatinius,
960 4343 1061 4397 den
1098 4343 1404 4411 Schiitzling
1440 4342 1646 4408 Casars,
1683 4341 1776 4394 der
1811 4340 1891 4393 als
1927 4339 2098 4406 Zeuge
2132 4355 2299 4407 gegen
2326 4339 2530 4393 Sestius
2567 4337 2673 4390 auf-

2168 4428 2204 4480 4
2219 4428 2245 4457 *
