3146 4826
464 910 570 976 ego
616 890 829 953 studio
878 889 1221 969 officioque
1266 878 1601 948 commotus
1649 873 1750 955 egi
1811 874 1868 936 ei
1926 890 2041 955 per
2101 872 2346 936 litteras
2397 881 2583 956 gratias
2629 886 2785 968 idque

410 1040 439 1080 ⁶
463 1000 531 1066 nt
586 993 946 1055 maturaret
1007 992 1305 1053 hortatus
1365 1000 1523 1046 sum.
1630 979 1794 1045 Cum
1856 981 2073 1044 autem
2137 979 2218 1042 ad
2282 979 2530 1061 Cybistra
2586 995 2801 1073 propter

461 1098 764 1170 rationem
811 1091 962 1154 belli
1021 1093 1303 1171 quinque
1365 1087 1496 1151 dies
1560 1104 1766 1151 essem
1826 1089 2147 1163 moratu8‚
2207 1104 2458 1168 regem
2493 1094 2810 1160 Ariobar-

458 1227 485 1270 Ζ
500 1216 589 1263 an
606 1214 640 1258 e
656 1213 723 1257 m
742 1241 757 1270 ‚
819 1194 1002 1257 cuius
1051 1196 1326 1257 salutem
1374 1210 1412 1255 a
1458 1194 1687 1257 senatu
1733 1195 1797 1256 te
1846 1194 2102 1257 auctore
2149 1194 2610 1261 commendatam
2654 1201 2825 1266 habe·

455 1313 622 1372 bam,
668 1299 1115 1380 praesentibus
1162 1297 1407 1362 insidiis
1452 1298 1940 1381 necopinantem
1986 1299 2280 1374 liberavi,
2340 1316 2523 1380 neque
2565 1307 2742 1370 solum
2781 1310 2835 1372 ei

454 1401 641 1475 saluti
687 1401 801 1479 fui,
849 1403 962 1468 sed
1008 1404 1208 1467 etiam
1254 1404 1489 1480 curavi,
1535 1406 1612 1467 ut
1651 1424 1799 1468 cum
1832 1405 2210 1468 auctoritate
2242 1408 2535 1485 regnaret.
2598 1409 2845 1476 Metram

454 1514 517 1580 et
560 1526 735 1585 eum,
794 1528 986 1590 quem
1031 1509 1107 1571 tu
1151 1510 1311 1573 mihi
1358 1509 1697 1592 diligenter
1744 1511 2219 1575 commendatas
2235 1559 2249 1587 ‚
2295 1510 2690 1590 Athenaeum,
2744 1517 2858 1581 im·-

454 1614 844 1705 portunitate
891 1615 1268 1679 Athenaidis
1321 1616 1536 1680 exsilio
1599 1617 1908 1681 multatos
1924 1665 1939 1694 ,
1999 1617 2067 1679 in
2125 1617 2403 1680 maxima
2463 1618 2614 1699 apud
2664 1639 2867 1702 regem

457 1721 835 1791 auctoritate
882 1721 1218 1803 gratiaque
1267 1722 1606 1796 constitui;
1670 1742 1942 1804 cumque
1989 1741 2296 1805 magnum
2341 1723 2570 1787 bellurn
2617 1725 2680 1787 in
2722 1725 2875 1809 Cap-

455 1827 713 1917 padocia
759 1828 1214 1905 concitaretur,
1263 1830 1318 1893 si
1365 1830 1659 1894 sacerdos
1709 1831 1902 1894 armis
1950 1848 2017 1893 se
2034 1878 2049 1906 ,
2098 1830 2266 1910 quod
2310 1828 2589 1893 facturus
2629 1834 2891 1913 putaba-

457 1941 559 2002 tur
575 1982 590 2011 ,
660 1934 1058 2012 defenderet,
1123 1936 1495 2000 adulescens
1559 1938 1625 2000 et
1687 1937 1978 2017 equitatu
2041 1939 2107 2000 et
2166 1935 2458 2018 peditatu
2519 1939 2579 1999 et
2634 1939 2897 2019 pecunia

456 2042 718 2127 paratus
768 2044 833 2105 et
879 2044 977 2105 tot
1026 2042 1241 2118 sociiS‚
1304 2042 1413 2123 qui
1459 2043 1682 2106 novari
1744 2042 1985 2123 aliquid
2047 2042 2371 2117 volebant,
2432 2041 2688 2124 perfeci,
2745 2046 2822 2106 ut
2867 2063 2907 2107 e

456 2166 646 2229 regno
692 2149 800 2212 ille
863 2148 1218 2213 discederet
1277 2167 1511 2230 rexque
1575 2149 1710 2212 sine
1773 2149 2059 2213 tumultu
2124 2167 2197 2212 ac
2257 2148 2392 2212 sine
2457 2148 2677 2225 armi8‚
2737 2151 2914 2212 omni

459 2255 837 2320 auctoritate
887 2256 1070 2319 aulae
1119 2255 1527 2333 communita,
1575 2274 1846 2337 regnum
1893 2274 2039 2319 cum
2087 2255 2397 2336 dignitate
2446 2254 2779 2319 obtineret.

408 2381 433 2421 ⁷
634 2360 892 2425 Interea
960 2362 1222 2444 cognovi
1288 2363 1641 2427 multorum
1707 2362 1939 2427 litteris
2011 2363 2202 2443 atque
2271 2361 2512 2425 nuntiis
2582 2380 2650 2425 m
2666 2379 2821 2442 agn
2839 2379 2878 2423 a
2894 2378 2933 2423 s

455 2468 953 2533 Parthorum
1001 2470 1279 2551 copias
1328 2472 1407 2533 et
1452 2470 1801 2533 Arabum
1850 2469 1931 2533 ad
1978 2468 2279 2551 oppidum
2324 2469 2749 2532 Antiocheam
2798 2485 2941 2530 ac-

459 2574 815 2638 cessisse
862 2593 1402 2657 magnumque
1466 2593 1738 2638 eorum
1801 2575 2298 2655 equitatum,
2363 2575 2583 2655 quiin
2633 2572 2947 2638 Ciliciam

460 2681 828 2757 transisset,
899 2682 977 2745 ab
1042 2680 1333 2761 equitum
1394 2699 1684 2745 meorum
1745 2680 1975 2744 turmis
2040 2682 2103 2744 et
2166 2699 2202 2744 a
2266 2681 2519 2745 cohorte
2581 2678 2961 2762 praetoria,

463 2805 623 2867 quae
695 2789 835 2850 erat
902 2787 1310 2869 Epiphaneae
1378 2787 1677 2869 praesidii
1746 2805 1968 2863 causa,
2047 2786 2464 2852 occidione
2543 2786 2964 2850 occisum.

461 2960 689 3014 bedacht
725 2961 931 3016 worden
971 2980 1100 3029 war,
1139 2980 1238 3016 von
1275 2962 1451 3018 Cicero
1489 2965 1648 3033 („pro
1684 2978 1805 3030 rege
1840 2962 2154 3027 Deiotaro“)
2188 2963 2261 3016 im
2295 2963 2346 3016 J.
2385 2963 2456 3016 45
2492 2979 2662 3030 gegen
2702 2961 2797 3014 die
2841 2959 2977 3012 An·-

451 3049 631 3116 klage,
669 3065 726 3103 er
761 3050 895 3103 habe
933 3050 1096 3105 Casar
1131 3050 1400 3105 ermorden
1437 3051 1637 3118 wollen,
1676 3050 1974 3118 verteidigt.

609 3150 655 3192 6.
693 3143 929 3208 propter
964 3140 1238 3194 rationem
1275 3140 1422 3207 belli]
1476 3156 1617 3206 „aus
1664 3139 2048 3207 strategischen
2083 3138 2505 3207 Erwagungen“.
2551 3169 2613 3177 —
2651 3137 2983 3192 Ariobar-

460 3226 646 3293 zanes]
684 3243 783 3280 von
820 3225 1202 3297 Kappadozien‚
1240 3227 1333 3291 der
1358 3226 1499 3281 Sohn
1537 3227 1629 3280 des
1656 3226 2070 3295 gleichnamigen
2097 3226 2338 3292 Fiirsten,
2377 3227 2469 3280 der
2506 3228 2576 3281 66
2614 3244 2721 3281 von
2750 3225 2987 3292 Pomp-

461 3314 597 3367 nach
644 3314 831 3369 dessen
868 3315 1018 3383 Siege
1065 3316 1192 3368 iiber
1227 3315 1581 3368 Mithradates
1627 3315 1815 3368 wieder
1859 3315 2150 3382 eingesetzt
2196 3315 2388 3369 wurde.
2464 3315 2515 3369 S.
2565 3315 2629 3368 de
2665 3317 2808 3384 imp.
2858 3311 2993 3365 Cn.

460 3402 643 3473 Pomp.
681 3405 711 3472 ἓ
748 3403 798 3458 5.
871 3403 945 3456 Ει·
979 3420 1088 3456 war
1123 3403 1414 3457 romischen
1450 3401 1673 3458 Grol'sen
1711 3403 1832 3457 sehr
1868 3403 2198 3456 versehuldet
2233 3404 2343 3456 und
2380 3404 2575 3457 museto
2613 3403 2787 3457 sehon
2838 3400 2999 3453 des-

461 3490 588 3545 halb
619 3508 716 3545 von
742 3492 877 3546 Rom
906 3508 1003 3545 aus
1028 3491 1277 3559 gehalten
1305 3492 1525 3558 werden,
1564 3508 1653 3545 um
1690 3492 1830 3545 seine
1858 3491 2321 3561 Verpfiiehtungen
2359 3510 2421 3545 zu
2458 3493 2621 3546 losen.
2688 3488 3001 3545 Dariiber

463 3578 700 3634 Naheres
737 3581 793 3634 in
828 3582 983 3652 epist.
1009 3579 1150 3647 XVI,
1188 3581 1239 3634 3.
1305 3579 1504 3633 Metras
1541 3580 1651 3634 und
1679 3579 1981 3633 Athenaeus
2019 3579 2138 3633 sind
2164 3580 2342 3646 Lente,
2382 3580 2465 3633 die
2500 3580 2585 3633 fiir
2622 3581 2711 3634 die
2736 3579 3007 3633 Rfimer

465 3667 550 3721 bei
568 3668 943 3724 Ariobarzanes
971 3668 1152 3737 thatig
1177 3685 1365 3722 waren.
1404 3668 1490 3722 An
1518 3669 1611 3721 der
1628 3668 1805 3738 Spitze
1832 3668 1975 3721 einer
1994 3665 2344 3738 Gegenpartei
2372 3669 2531 3722 stand
2560 3669 2703 3723 scine
2722 3668 3008 3722 Μαί-,δοῖ

464 3754 724 3811 Athenais
759 3758 999 3822 (deshalb
1025 3758 1448 3827 importunitate
1482 3774 1596 3810 vom
1625 3756 1909 3810 romischen
1941 3756 2281 3826 Standpunkt
2307 3758 2424 3820 aus)
2461 3757 2568 3811 und
2607 3758 2694 3811 ein
2732 3752 3006 3822 energi-

468 3845 644 3912 scher,
693 3846 1123 3914 hochmachtiger
1158 3844 1521 3915 Oberpriester
1558 3845 1652 3898 der
1686 3845 1903 3898 Bellona
1950 3845 2085 3911 (hier
2119 3863 2222 3898 nur
2257 3845 2509 3902 sacerdos
2543 3846 2842 3914 genannt).
2895 3868 3007 3878 --

464 3934 518 3986 si
554 3933 678 4002 etc.]
714 3934 1030 4003 Bedingung
1069 3950 1134 3987 zu
1172 3933 1370 3988 bellum
1406 3934 1799 4000 concitaretwr,
1836 3933 1931 3986 das
1958 3933 2283 4001 Konjunktiv
2321 3951 2386 3987 zu
2421 3934 2589 3988 einem
2626 3934 2748 3989 Ind.
2780 3928 3001 4000 Impf.

467 4019 533 4074 de
583 4024 774 4075 conatu
822 4023 925 4077 ist:
980 4064 1011 4089 ,‚
1028 4022 1414 4076 auszubrechen
1463 4021 1652 4076 drohte
1667 4022 1716 4074 “.
1769 4051 1835 4059 -—
1887 4022 2142 4089 equitatu
2300 4023 2489 4090 sociis]
2540 4023 2800 4079 Ablative
2863 4020 3011 4073 der

463 4110 696 4164 nii-heren
732 4110 1100 4178 Bestimmung
1148 4127 1211 4162 zu
1257 4115 1512 4178 paratus.
1563 4139 1630 4147 —
1683 4108 1866 4177 aulae]
1917 4109 2065 4163 steht
2111 4111 2183 4164 im
2221 4110 2544 4179 Gegensatze
2581 4128 2647 4165 zu
2684 4123 3009 4181 requam-

462 4196 737 4253 Nachdem
785 4199 868 4253 die
903 4199 1183 4266 Intriguen
1228 4214 1308 4251 am
1356 4197 1409 4251 Η
1423 4198 1492 4250 of
1500 4214 1528 4250 e
1577 4197 1828 4264 beseitigt
1873 4213 2044 4251 waren
2058 4240 2071 4264 ,
2121 4199 2394 4253 herrschte
2444 4200 2578 4253 auch
2629 4199 2687 4253 in
2740 4200 3007 4254 seinem

459 4283 901 4357 Konigreich
938 4288 1108 4343 Ruhe.
