3146 4826
449 330 520 389 64
1198 328 1457 384 Ciceronis
1494 329 1752 399 epistulae
1790 328 2009 382 selectae
2045 327 2167 382 XII.

257 508 362 566 (2³)
386 513 433 553 18
636 491 819 570 Quod
865 508 1067 572 rogas,
1116 491 1190 553 ut
1234 508 1379 554 mea
1423 490 1543 554 tibi
1592 489 1829 571 scripta
1857 489 2133 566 mittam,
2181 506 2346 570 quae
2378 489 2527 570 post
2558 486 2914 551 discessum

452 601 639 662 tuum
688 597 1079 680 scripserim,
1141 598 1293 660 sunt
1341 597 1658 661 orationes
1708 594 2051 677 quaedam,
2113 613 2274 677 quas
2320 593 2670 659 Menocrito
2733 592 2915 669 dabo,

450 723 657 785 neque
704 705 797 767 ita
841 704 1121 777 multae;
1168 721 1247 766 ne
1279 703 1711 785 pertimescas.
1790 700 2029 783 Scripsi
2065 701 2262 765 etiam
2307 735 2395 745 —
2441 718 2592 764 nam
2625 699 2917 763 animum

454 813 533 874 ab
602 810 991 874 orationibus
1063 808 1321 890 diiungo
1392 807 1523 872 fere
1593 807 1924 888 referoque
1997 806 2076 870 ad
2145 807 2606 870 mansuetiores
2672 806 2918 880 Μ11888,

455 935 616 998 quae
663 935 766 980 me
811 916 1084 979 maxime
1135 916 1302 979 sicut
1347 915 1477 978 iam
1526 933 1563 977 a
1609 915 1814 996 prima
1878 914 2311 978 adulescentia
2372 913 2774 977 delectarunt
2830 945 2920 958 —

454 1023 759 1105 scripsi
819 1023 1017 1103 igitur
1072 1022 1569 1085 Aristotelio
1632 1039 1874 1097 more,
1939 1038 2128 1101 quem
2192 1018 2271 1083 ad
2332 1019 2594 1083 modum
2658 1018 2922 1100 quidem

452 1129 651 1204 volui,
715 1130 886 1192 tres
933 1128 1193 1191 libros
1243 1128 1338 1208 [in
1387 1128 1819 1209 disputatione
1868 1146 1944 1191 ac
1990 1125 2267 1208 dialogo]
2333 1126 2472 1203 „de
2522 1127 2922 1201 oratore“,

456 1254 613 1315 quos
663 1235 934 1298 arbitror
979 1234 1254 1298 Lentulo
1300 1236 1412 1298 tuo
1459 1233 1592 1297 fore
1647 1252 1774 1297 non
1834 1233 2129 1307 inutiles;
2194 1233 2646 1296 abhorrent
2708 1232 2923 1295 enim

444 1360 492 1407 a
562 1341 1119 1405 communibus
1189 1341 1664 1423 praeceptis
1736 1341 1812 1403 et
1882 1358 2187 1404 omnem
2250 1339 2778 1419 antiquorum
2845 1341 2924 1402 et

452 1449 1042 1534 Aristoteliam
1090 1449 1168 1511 et
1213 1447 1707 1511 Isocratiam
1753 1447 2162 1509 rationem
2209 1444 2661 1509 oratoriam
2710 1462 2925 1508 com-

455 1554 582 1637 ple
603 1556 960 1618 ctuntur.
1056 1553 1294 1636 Scripsi
1356 1554 1551 1618 etiam
1613 1553 1900 1617 versibus
1961 1554 2096 1616 tres·
2153 1551 2347 1616 libros
2402 1551 2479 1616 de
2525 1551 2925 1633 temporibus

454 1661 630 1737 111818,
681 1679 837 1741 quos
884 1662 1015 1724 iam
1059 1659 1308 1742 pridem
1357 1659 1438 1723 ad
1483 1662 1547 1723 te
1596 1660 1933 1736 misissem,
1982 1659 2036 1722 si
2084 1677 2220 1723 esse
2270 1657 2547 1721 edendos
2584 1657 2924 1739 putassem

459 1805 534 1812 ——-
613 1770 763 1832 sunt
832 1767 1001 1831 enim
1071 1768 1269 1830 testes
1341 1768 1405 1830 et
1474 1769 1665 1829 erunt
1734 1766 2103 1848 sempiterni
2163 1765 2540 1829 meritorum
2602 1781 2754 1845 erga
2816 1782 2923 1827 me

456 1876 713 1938 tuorum
759 1891 1064 1954 meaeque
1111 1873 1368 1955 pietatis
1419 1854 1534 1948 ·'-,
1591 1872 1703 1936 sed
1751 1872 1962 1953 [quia]
2010 1872 2271 1935 verebar
2315 1889 2443 1934 non
2491 1888 2627 1945 808,
2691 1870 2806 1950 qui
2854 1888 2922 1933 se

457 1978 663 2042 laesos
713 1978 1175 2043 arbitrarentur
1221 2016 1304 2026 -
1356 1979 1593 2042 etenim
1640 1977 1704 2041 id
1752 1978 1873 2042 feci
1918 1995 2105 2060 parce
2162 1979 2225 2041 et
2283 1976 2562 2040 molliter
2623 2013 2708 2021 —
2728 2024 2743 2052 ,
2810 1977 2924 2040 sed

459 2103 596 2161 808,
661 2104 817 2167 quos
866 2087 1005 2150 erat
1049 2086 1370 2149 infinitum
1423 2087 1583 2149 bene
1646 2085 1722 2148 de
1784 2103 1886 2148 me
1947 2084 2207 2148 meritos
2271 2101 2488 2146 omnes
2550 2083 2923 2156 nominare3

460 2210 618 2272 quos
667 2194 882 2256 tamen
926 2192 1096 2274 ipsos
1143 2193 1354 2268 libros,
1405 2192 1457 2255 si
1506 2210 1715 2273 quem,
1763 2191 1866 2254 cui
1911 2194 2081 2254 recte
2131 2189 2545 2265 committam,
2600 2189 2923 2265 invenere,

459 2299 690 2363 curabo
762 2298 840 2361 ad
909 2300 971 2360 te
1035 2297 1458 2380 perferendos.
1563 2299 1778 2379 Atque
1846 2297 2041 2360 istam
2111 2294 2368 2377 quidem
2434 2297 2687 2377 partem
2750 2295 2923 2359 vitae

448 2401 1062 2485 ‘consuetudinisque
1118 2406 1372 2469 nostrae
1434 2406 1639 2469 totam
1704 2402 1783 2468 ad
1845 2405 1910 2468 te
1974 2401 2219 2467 defero:
2286 2403 2602 2483 quantum
2661 2402 2923 2480 litteriS,

461 2512 775 2590 quantum
823 2510 1067 2586 studiis,
1114 2511 1434 2575 veteribus
1482 2511 1717 2575 nostris
1765 2509 2305 2586 delectationibuS,
2353 2510 2654 2590 consequi
2684 2510 2926 2591 poteri-

457 2635 621 2692 mus,
665 2614 731 2678 id
779 2634 961 2680 omne
1010 2615 1090 2680 ad
1138 2617 1474 2681 arbitrium
1522 2619 1727 2693 tuum,
1778 2617 1888 2696 qui
1934 2616 2091 2679 haec
2139 2632 2390 2696 semper
2422 2615 2671 2691 amasti,
2720 2615 2927 2679 liben-

460 2723 704 2786 tissime
753 2722 1165 2787 conferemus,

611 3018 668 3060 18
689 3012 790 3066 (23).
833 3012 965 3073 post
1019 3006 1313 3061 discessum
1352 3004 1533 3072 tuum]
1586 3004 1697 3058 also
1748 3003 1849 3056 seit
1884 3003 1934 3055 J.
1973 3003 2058 3056 56.
2114 3032 2181 3040 —
2230 3002 2567 3069 Menocrito]
2619 3002 2790 3056 einem
2827 3003 2926 3057 Be·

460 3095 756 3147 diensteten
805 3094 896 3147 des
932 3094 1189 3147 Lentulus
1204 3136 1216 3159 ,
1265 3094 1358 3146 der
1393 3093 1506 3145 hier
1543 3092 1623 3145 als
1661 3091 1984 3145 tabellarius
2020 3091 2211 3144 diente.
2252 3121 2319 3128 ——
2356 3105 2531 3159 neque
2567 3090 2652 3144 ita
2687 3090 2924 3158 multae]

460 3184 562 3235 ita<
595 3182 742 3234 steht
791 3198 849 3234 so
898 3182 953 3233 in
1005 3181 1098 3234 der
1132 3181 1648 3250 Umgangssprache,
1701 3179 2021 3233 namentlich
2058 3179 2192 3232 nach
2228 3178 2651 3247 Vemeinungen,
2704 3179 2792 3232 1111·
2829 3179 2925 3234 (188

463 3270 756 3338 steigernde
806 3275 951 3323 tam:
1002 3310 1031 3335 ,‚
1045 3269 1192 3334 sehr,
1240 3271 1395 3337 gar“.
1469 3268 1589 3335 Vgl.
1628 3267 1756 3321 Hor.
1797 3272 1896 3321 sat.
1935 3267 2019 3333 ΙΙ,
2059 3269 2121 3334 6,
2166 3270 2221 3322 l:
2276 3267 2503 3333 „modus
2550 3267 2664 3336 agri
2701 3285 2810 3321 non
2846 3269 2927 3322 ita

459 3360 751 3427 magnus“;
802 3374 889 3411 ars
925 3361 1064 3427 poet.
1102 3357 1235 3410 254:
1275 3375 1421 3424 „non
1455 3358 1535 3411 ita
1570 3356 1830 3426 pridem“.
1884 3386 1951 3394 —
2005 3356 2081 3410 ad
2115 3356 2515 3411 mansuetiores
2549 3355 2779 3424 Musas]
2824 3357 2926 3410 Die

460 3447 872 3515 Beschiiftigung
920 3447 1021 3500 mit
1057 3446 1588 3499 wissenschaftlichen
1623 3445 1849 3499 Werken
1897 3445 1972 3498 ist
2019 3445 2115 3498 frei
2150 3462 2250 3497 von
2299 3444 2390 3498 der
2427 3444 2928 3498 Leidensehaftlich-

460 3536 571 3588 keit
607 3536 699 3589 der
734 3535 929 3590 Reden.
970 3566 1037 3574 —-
1075 3535 1401 3590 Aristotelio
1436 3534 1603 3603 more]
1656 3534 1850 3587 sowohl
1885 3532 2226 3586 hinsichtlich
2272 3533 2366 3586 der
2399 3531 2553 3586 Form
2602 3532 2688 3599 (in
2726 3532 2925 3602 dispu-

462 3623 670 3678 tatione
709 3629 758 3678 et
796 3625 1016 3694 dialogo
1028 3666 1044 3692 ,
1083 3623 1274 3678 welche
1310 3623 1492 3677 Worte
1529 3622 1665 3676 wohl
1701 3639 1803 3675 nur
1838 3638 1937 3675 von
1973 3620 2225 3691 Spateren
2264 3638 2355 3674 zur
2390 3620 2690 3689 Erklarung
2726 3621 2784 3674 in
2823 3621 2928 3675 den

461 3710 593 3764 Text
627 3713 930 3779 gekommen
982 3713 1121 3776 sind)
1171 3713 1250 3765 als
1298 3712 1431 3764 auch
1483 3711 1573 3764 des
1610 3710 1822 3763 Inhalts
1837 3751 1849 3775 ,
1904 3710 1971 3763 da
2006 3709 2173 3764 Arist.
2211 3710 2266 3763 in
2313 3709 2484 3763 seiner
2514 3705 2794 3780 Ῥητορική
2841 3707 2929 3763 (118

461 3798 677 3852 Τ1180118
704 3800 797 3853 (181·
832 3800 1226 3854 Beredsamkeit
1260 3799 1557 3864 (rationem
1594 3798 1927 3860 oratoriam)
1966 3801 2142 3852 zuerst
2177 3796 2566 3868 philosophisch
2604 3797 2929 3866 dai-gestent

459 3888 572 3942 hat.
615 3917 677 3925 —
714 3888 956 3943 Lentulo
994 3889 1116 3956 tao]
1168 3888 1282 3942 dem
1320 3888 1461 3942 Sohn
1499 3887 1591 3941 des
1627 3886 1964 3941 Adressaten.
2004 3917 2071 3925 ——
2109 3887 2444 3943 Isocratiam
2479 3886 2758 3941 rationem
2796 3902 2928 3941 ora-

462 3976 686 4042 toriam]
724 3976 981 4030 Isocrates
1017 3975 1114 4029 hat
1150 3976 1233 4029 die
1267 3976 1484 4030 formale
1511 3973 1653 4027 Seite
1680 3974 1773 4028 der
1800 3974 2206 4042 Beredsamkeit‚
2244 3975 2329 4029 die
2355 3974 2695 4028 technischen
2723 3975 2930 4042 ffittel,

460 4064 668 4132 gelehrt
721 4064 829 4117 und
883 4065 1237 4118 beschrieben.
1296 4094 1363 4102 —-
1421 4062 1489 4118 de
1542 4062 1876 4133 temporibus
1924 4063 2079 4130 mis]
2133 4062 2260 4116 Dies
2316 4060 2543 4117 Gedicht
2598 4063 2729 4117 iiber
2784 4064 2930 4118 scine

464 4151 868 4218 ,‚Leidenszeit“
907 4156 971 4218 (8.
1003 4168 1068 4204 zu
1103 4153 1134 4220 ξ
1158 4152 1193 4206 8
1212 4153 1322 4215 (11))
1357 4152 1433 4205 181
1468 4150 1605 4205 wohl
1643 4167 1707 4204 zu
1743 4150 2142 4204 unterscheiden
2178 4167 2278 4205 von
2314 4151 2432 4204 dem
2466 4151 2597 4204 iiber
2634 4152 2751 4204 sein
2786 4151 2932 4206 Kon-

463 4239 608 4293 sulat
654 4256 771 4294 vom
817 4240 867 4294 J.
907 4240 992 4294 60.
1068 4238 1119 4293 S.
1172 4238 1326 4308 epist.
1364 4239 1427 4306 V,
1467 4240 1552 4294 10.
1606 4268 1673 4278 —
1724 4243 1848 4292 erat
1895 4237 2206 4305 infinitam]
2256 4255 2356 4305 „es
2403 4238 2558 4293 hatte
2606 4239 2731 4293 kein
2780 4238 2931 4293 Ende

460 4326 775 4394 gemnden“.
