3146 4826
882 320 1145 375 Ciceronis
1181 319 1438 391 epistulae
1475 321 1697 375 selectae
1734 321 1879 375 XXI.
2542 319 2618 404 99

196 481 470 563 plicatum
537 482 874 545 lamentari
943 484 1162 546 autem
1229 482 1394 547 licet.
1503 482 1677 546 Illud
1742 484 1962 547 tamen
2027 484 2196 547 totos
2263 483 2428 558 dies;
2498 483 2612 548 sed

196 606 380 651 vereor
429 606 533 665 ne,
596 588 757 651 nihil
810 607 959 651 cum
1016 587 1367 671 proficiam,
1433 589 1631 653 etiam
1697 588 1987 653 dedecori
2051 590 2174 653 sim
2240 590 2470 654 studiis
2537 609 2613 654 ac

195 693 392 759 litteris
434 695 684 759 nostris.
762 693 1081 759 Consumo
1127 695 1326 776 igitur
1373 714 1557 760 omne
1605 698 1862 777 tempus
1895 694 2321 774 considerans,
2368 698 2611 777 quanta

194 802 272 863 vis
312 802 388 864 sit
428 802 597 864 illius
645 801 781 878 viri,
828 819 1020 882 quem
1066 802 1303 866 nostris
1349 802 1527 866 libris
1577 802 1735 866 satis
1783 801 2140 883 diligenter,
2186 804 2262 865 ut
2307 802 2424 866 tibi
2471 804 2612 884 qui-

195 906 315 970 dem
362 907 670 984 videmur,
729 907 1174 990 expressimus.
1274 908 1557 973 Tenesne
1616 908 1842 989 igitur,
1907 906 2372 972 moderatorem
2426 908 2611 972 illum

195 1013 269 1075 zei
292 1014 564 1095 publicae
599 1032 723 1095 quo
770 1013 1004 1077 referre
1038 1014 1309 1078 velimus
1343 1015 1597 1079 omnia?
1673 1013 1844 1079 Nam
1877 1014 1968 1079 sic
2000 1012 2241 1096 quinte,
2272 1015 2348 1078 ut
2378 1014 2613 1096 opinor,

192 1119 247 1180 in
283 1119 424 1183 libro
478 1120 765 1201 loquitur
822 1119 1062 1203 Scipio:
1121 1122 1244 1197 „ut
1301 1121 1469 1185 enim
1525 1121 1936 1203 gubernatori
1992 1139 2220 1185 cursus
2281 1120 2614 1197 secunduS,

190 1225 399 1290 medico
444 1227 636 1303 salus,
682 1227 1052 1308 imperatori
1098 1227 1389 1303 victoria,
1445 1227 1536 1291 sic
1593 1226 1744 1291 huic
1798 1226 2268 1291 moderatori
2322 1227 2435 1292 rei
2479 1247 2619 1310 pu-

191 1330 402 1396 blicae
467 1334 695 1397 beata
765 1333 1047 1397 civium
1114 1333 1279 1397 vita
1332 1334 1730 1415 proposita
1786 1335 1931 1413 est,
1997 1336 2073 1397 ut
2129 1333 2354 1416 opibus
2413 1333 2618 1410 firma,

191 1438 355 1521 copiis
382 1440 679 1522 locupleS,
726 1440 927 1521 gloria
960 1440 1191 1521 ampla,
1238 1439 1477 1503 virtute
1509 1440 1780 1503 honesta
1820 1439 1934 1513 sit;
1981 1439 2175 1503 huius
2208 1440 2379 1504 enim
2410 1441 2617 1523 operis

189 1545 415 1609 maximi
457 1546 624 1610 inter
655 1546 943 1610 homines
994 1548 1187 1627 atque
1236 1546 1459 1628 optimi
1504 1546 1693 1610 illum
1740 1564 1880 1610 esse
1912 1544 2332 1628 perfectorem
2378 1546 2572 1610 vo10.“

336 1652 485 1717 Hoc
518 1652 820 1717 Gnaeus
867 1656 1138 1717 noster
1184 1672 1350 1717 cum
1398 1655 1624 1717 antea
1671 1670 2111 1733 numquam,
2159 1654 2322 1716 tum
2365 1652 2443 1715 in
2474 1652 2668 1717 hae2

189 1775 387 1822 causa
429 1759 1207 1841 minime·cogitavit:
1257 1759 1674 1824 dominatio
1732 1759 2088 1841 quaesita
2146 1759 2235 1823 ab
2292 1759 2616 1840 utroque

188 1867 307 1941 est,
366 1883 511 1929 non
577 1865 654 1929 id
719 1868 1000 1943 actum,
1071 1867 1296 1930 beata
1362 1870 1439 1930 et
1507 1866 1833 1930 honesta
1895 1866 2181 1930 civitas
2245 1866 2330 1929 ut
2396 1870 2618 1930 esset.

186 1969 298 2034 Nec
349 1990 491 2036 vero
551 1972 661 2036 ille
721 1972 943 2036 urbem
1001 1972 1291 2054 reliquit,
1360 1973 1528 2054 quod
1591 1990 1733 2037 eam
1796 1973 1964 2036 tueri
2020 1990 2147 2036 non
2206 1973 2441 2054 posset,
2499 1991 2620 2036 nec

186 2075 442 2162 Italiam,
515 2079 685 2159 quod
744 2098 819 2143 ea
874 2079 1248 2162 peHeretur,
1311 2079 1423 2144 sed
1482 2079 1600 2143 hoc
1660 2098 1698 2143 a
1758 2079 1962 2162 primo
2018 2079 2351 2160 cogitavit,
2398 2097 2616 2144 omnes

187 2183 380 2261 terras,
424 2185 641 2249 omnia
685 2185 891 2249 maria
934 2204 1209 2264 movere,
1256 2203 1438 2267 reges
1485 2185 1789 2250 barbaros
1835 2185 2100 2250 incitare
2118 2233 2134 2262 ,
2180 2186 2402 2267 gentes
2448 2184 2619 2249 feras

188 2292 435 2354 armatas
480 2291 548 2354 in
592 2291 852 2355 Italiam
901 2291 1233 2370 adducere,
1281 2291 1595 2356 exercitus
1644 2290 1946 2356 conficere
1992 2292 2320 2356 maximos.
2400 2289 2617 2356 Genus

185 2394 322 2461 illud
367 2396 611 2462 Sullani
670 2398 851 2480 regni
909 2398 1040 2463 iam
1099 2398 1347 2482 pridem
1395 2398 1747 2481 appetitur,
1793 2398 2018 2463 multis
2035 2448 2050 2477 ,
2115 2398 2226 2481 qui
2272 2417 2402 2462 una
2449 2401 2617 2477 sunt,

186 2504 574 2586 cupientibus.
664 2508 767 2569 An
813 2524 1032 2571 censes
1080 2507 1242 2569 nihil
1288 2507 1458 2569 inter
1517 2523 1624 2569 eos
1671 2498 2029 2584 convenire,
2086 2506 2335 2570 nullam
2380 2507 2620 2590 pactio-

183 2660 252 2714 ins
283 2662 495 2718 Reine“.
550 2695 619 2703 —
668 2664 837 2732 illud]
878 2681 947 2718 sc.
987 2664 1141 2729 facio
1180 2689 1244 2707 =
1284 2666 1571 2719 lamentor.
1613 2693 1680 2703 —
1728 2664 1937 2719 nostris
1973 2663 2155 2733 libris]
2191 2665 2254 2718 In
2293 2664 2387 2718 der
2424 2664 2623 2718 Schrift

184 2765 279 2803 vom
313 2750 477 2807 Staat.
544 2753 786 2806 Dartiber
821 2770 863 2807 s.
902 2754 1056 2823 epist.
1094 2753 1246 2820 XIII,
1287 2754 1335 2807 1.
1375 2782 1442 2792 —-
1482 2753 1867 2821 expressimus]
1907 2752 2252 2819 ,‚darstellen,
2292 2752 2620 2818 schildern“,

182 2837 436 2906 eigentlich
472 2859 589 2895 vom
619 2842 942 2910 plastischen
970 2840 1246 2908 Kiinstler,
1285 2841 1448 2894 daher
1485 2844 1624 2895 stets
1660 2841 1762 2895 mit
1799 2841 1917 2894 dem
1953 2839 2329 2908 Nebenbegriff
2360 2840 2451 2893 des
2481 2840 2621 2894 Voll-

181 2927 393 2983 endeten.
432 2960 500 2968 —
538 2930 774 2998 tenesne]
812 2947 883 2984 sc.
912 2931 1190 2985 memoria.
1229 2959 1297 2968 -—
1335 2946 1442 2998 quo
1466 2929 1677 2995 referre
1701 2930 1928 2985 velimus
1953 2928 2165 2995 omnia]
2205 2944 2337 2995 „von
2373 2928 2620 2982 welchem

182 3013 457 3072 Grundsatz
504 3036 563 3071 er
608 3019 720 3072 sich
765 3019 969 3073 iiberall
1016 3036 1231 3073 unserer
1265 3018 1519 3086 Meinung
1563 3019 1698 3072 nach
1734 3019 1897 3072 leiten
1932 3017 2106 3071 lassen
2141 3016 2342 3071 muss“.
2415 3015 2620 3083 referre

180 3106 319 3159 nebst
350 3123 598 3163 revocwre
624 3107 735 3161 und
759 3108 1003 3178 dim'yere
1039 3108 1343 3161 bezeichnet
1380 3110 1586 3173 „etwas
1623 3106 2076 3172 zuriickbeziehen‚
2114 3105 2495 3160 zuriickfi'ihren
2530 3106 2624 3161 auf

180 3198 325 3249 etwas
356 3196 724 3264 Allgemeines,
762 3196 855 3249 auf
886 3197 1035 3250 einen
1074 3195 1375 3251 Grundsatz
1390 3196 1440 3250 “.
1493 3225 1562 3234 —
1613 3201 1679 3250 ut
1730 3196 1947 3266 opinor]
1998 3196 2111 3249 eine
2147 3196 2336 3250 ebenso
2372 3195 2619 3250 unwahre

178 3281 357 3338 Phrase
391 3285 482 3338 der
519 3285 796 3339 scheinbar
831 3301 1140 3353 ungenauen
1163 3283 1444 3351 Kenntnis‚
1481 3285 1578 3338 wie
1613 3285 1709 3338 wir
1743 3285 1817 3337 im
1853 3284 2155 3338 Deutschen
2192 3284 2271 3337 oft
2307 3284 2620 3353 umgekehrt

180 3372 580 3436 ‚,bekanntlich“
622 3390 722 3427 von
756 3389 889 3441 ganz
927 3373 1300 3427 unbekannten
1326 3373 1533 3441 Dingen
1572 3389 1749 3440 sagen.
1813 3372 1882 3425 So
1920 3375 2042 3440 sagt
2078 3389 2121 3425 z.
2150 3372 2212 3426 B.
2243 3371 2350 3426 Cic.
2380 3388 2474 3442 pro
2501 3372 2616 3426 Mil.

179 3459 296 3525 §98
314 3503 326 3527 ,
374 3463 577 3516 obwohl
626 3478 684 3515 er
731 3461 815 3515 die
851 3462 1027 3515 Daten
1072 3478 1206 3530 ganz
1254 3477 1426 3529 genau
1474 3462 1641 3514 kennt
1656 3503 1668 3527 ,
1718 3461 1818 3514 mit
1854 3459 2187 3514 scheinbarer
2221 3460 2276 3513 N
2276 3459 2618 3513 enchalance:

59 3524 62 3557 ὲ
179 3551 483 3613 „centesima
509 3550 601 3604 lux
627 3553 711 3604 est
737 3551 866 3603 haec
893 3551 958 3603 ab
986 3550 1212 3604 interitu
1237 3550 1298 3604 P.
1329 3549 1494 3604 Clodii
1524 3552 1595 3615 et,
1634 3549 1831 3619 opinor,
1870 3549 2099 3602 altera“.
2140 3576 2208 3585 —
2238 3546 2623 3614 perfectorem}

179 3638 295 3701 „der
329 3657 385 3693 es
422 3639 537 3692 sich
572 3655 666 3692 zur
701 3639 940 3708 Aufgabe
975 3639 1223 3707 gemacht
1256 3638 1371 3705 hat,
1408 3655 1472 3691 zu
1510 3637 1842 3691 vollenden“.

302 3739 346 3782 ².
387 3727 701 3782 dmninatio
739 3728 834 3782 wie
870 3730 1036 3782 uuten
1071 3744 1300 3797 regnum
1335 3726 1445 3781 und
1480 3728 1738 3796 reynare]
1788 3742 1905 3779 vom
1951 3724 2242 3779 romischen
2279 3722 2623 3792 Standpunkt

61 3878 62 3883 ἵ
176 3815 261 3868 mit
291 3817 458 3871 einem
495 3816 809 3885 gehfissigen
844 3816 1282 3884 Beigeschmack:
1321 3812 1927 3882 „Gewaltherrschaft“.
1999 3812 2297 3866 Denselben
2334 3809 2619 3865 Gedanken

176 3905 357 3973 spricht
393 3904 499 3960 Cic.
528 3905 599 3958 ad
634 3905 751 3960 Att.
779 3905 847 3971 X,
887 3904 918 3958 7
957 3922 1081 3958 aus:
1118 3903 1397 3973 raynaudi
1433 3903 1716 3958 contentio
1751 3908 1845 3958 est.
1883 3932 1951 3939 —-
1989 3900 2270 3970 conficere]
2311 3924 2375 3943 =
2415 3915 2618 3968 ωροτε,

176 3993 418 4064 colliyere.
457 4025 527 4033 —-
560 4010 738 4063 genus
763 3993 989 4048 Sullani
1024 3993 1206 4062 requi]
1244 3992 1360 4045 Wir
1396 3991 1578 4045 ziehen
1613 3991 1708 4044 das
1735 3989 2075 4059 Adjektivum
2112 4007 2176 4043 zu
2214 3989 2331 4042 dem
2365 3987 2619 4057 regieren-

174 4080 258 4135 den
289 4083 711 4138 Substantivum.
752 4111 817 4121 --
853 4083 1047 4136 multis
1083 4082 1182 4151 φοί
1215 4099 1334 4135 uma
1371 4086 1506 4135 sunt
1542 4078 1920 4149 cupientibus]
1955 4078 2102 4132 Viele
2117 4121 2129 4145 ,
2183 4077 2267 4132 die
2303 4077 2414 4131 sich
2459 4076 2619 4129 ihnen

173 4168 501 4226 ‘anschliessen
517 4215 530 4239 ,
584 4172 864 4225 wiinschen
912 4171 1027 4225 eine
1074 4169 1248 4224 solche
1285 4168 1785 4224 Gewaltherrschaft
1798 4209 1811 4234 ,
1862 4184 1953 4220 um
2011 4166 2124 4220 sich
2160 4166 2396 4219 dadurch
2433 4181 2497 4217 zu
2532 4165 2618 4218 be-

174 4260 404 4317 reichern.
443 4291 514 4299 —
553 4261 652 4313 An
679 4259 877 4329 censes]
917 4258 1370 4325 Zusammenhang
1397 4258 1490 4311 der
1516 4255 2040 4325 argumentierenden
2065 4254 2235 4322 Frage
2266 4254 2367 4306 mit
2401 4269 2496 4320 am,
2534 4252 2618 4306 die

174 4354 292 4403 stota
339 4351 491 4405 einen
540 4349 616 4402 im
651 4347 1124 4415 Vorhergehenden
1172 4345 1656 4416 ausgesprochenen
1704 4344 1830 4399 oder
1877 4343 2150 4413 liegenden
2201 4340 2486 4397 Gedanken
2532 4340 2618 4393 be-

2116 4431 2145 4483 7
2160 4430 2186 4459 *
