3146 4826
879 334 1139 388 Ciceronis
1175 335 1431 404 epistulae
1470 335 1692 388 selectae
1729 334 1977 389 XXXIII.
2560 332 2659 393 137

217 512 365 573 quas
410 494 523 557 tibi
570 496 635 558 et
679 495 809 559 iam
855 495 1104 577 pridem
1166 497 1230 559 et
1293 513 1480 577 saepe
1543 495 1892 572 misissem,
1953 496 2076 558 nisi
2138 496 2367 560 cotidie
2429 497 2657 560 melius

215 601 573 681 exspectans
637 601 1131 682 gratulationem
1195 619 1388 681 quam
1455 601 2001 666 confirmationem
2063 603 2257 665 animi
2325 603 2422 666 tui
2492 622 2660 667 com-

212 706 391 786 plecti
448 707 680 770 h’tteris
742 708 1132 772 maluissem.
1231 707 1451 784 Nunc,
1513 709 1603 771 ut
1664 726 1930 790 sper0,
1992 709 2222 773 brevi
2283 710 2660 790 gratula-
2722 724 2738 737 ·

213 811 498 885 bimur;
545 814 765 894 itaque
813 815 878 877 in
925 813 1098 877 aliud
1146 816 1401 896 tempus
1448 814 1512 877 id
1562 816 2014 896 argumentum
2061 815 2372 897 epistulae
2422 814 2658 880 differo.

211 917 340 981 His
387 920 658 983 autem
709 921 1032 984 litteris
1096 921 1450 985 animum
1512 924 1770 997 tuum,
1834 939 2026 1002 quem
2071 922 2332 985 minime
2379 922 2708 986 imbecil-2

212 1024 335 1088 lum
379 1044 516 1090 esse
565 1030 630 1091 et
677 1027 863 1091 audio
912 1029 977 1091 et
1024 1046 1237 1109 spero,
1301 1028 1421 1091 etsi
1466 1047 1593 1092 non
1650 1028 2133 1110 sapientissimi,
2197 1032 2265 1092 at
2327 1029 2658 1092 amicis-

212 1131 380 1194 simi
426 1132 778 1197 hominis
828 1134 1337 1198 auctoritate
1386 1133 2040 1198 confirmandum
2103 1135 2351 1199 etiam
2413 1137 2657 1216 atque

213 1237 448 1302 etiam
507 1243 736 1320 puto;
800 1258 919 1303 nec
963 1240 1041 1302 iis
1089 1239 1349 1320 quidem
1396 1240 1636 1315 verbis,
1701 1240 1932 1321 quibus
1979 1243 2044 1304 te
2092 1241 2377 1305 consoler
2421 1245 2496 1304 ut
2551 1241 2660 1305 ad-

210 1341 441 1407 flictum
489 1345 554 1409 et
598 1346 729 1409 iam
776 1346 948 1409 omni
996 1364 1104 1428 spe
1154 1347 1381 1410 salutis
1430 1346 1752 1423 orbatum,
1815 1346 1925 1410 sed
1973 1348 2049 1410 ut
2096 1366 2274 1424 eum,
2337 1348 2414 1412 de
2477 1348 2658 1412 cuius

209 1448 634 1515 incolumitate
680 1470 808 1515 non
854 1452 1000 1534 plus
1048 1452 1337 1516 dubitem
1386 1470 1581 1533 quam
1627 1455 1692 1517 te
1738 1453 2001 1517 memini
2047 1453 2340 1518 dubitare
2388 1454 2465 1518 de
2497 1472 2658 1518 mea.

209 1556 368 1620 Nam
412 1577 559 1622 cum
608 1577 710 1622 me
760 1577 834 1622 ex
878 1578 947 1621 re
995 1559 1247 1641 publica
1296 1559 1688 1641 expulissent
1733 1559 1795 1636 ii,
1844 1560 1954 1640 qui
1993 1559 2171 1623 illam
2219 1560 2442 1624 cadere
2474 1578 2659 1642 posse

211 1663 411 1727 stante
456 1682 561 1727 me
609 1683 735 1728 non
782 1666 1106 1747 putarant,
1154 1666 1415 1730 memini
1460 1683 1563 1730 me
1613 1684 1688 1729 ex
1732 1666 1955 1729 multis
2001 1666 2376 1748 hospitibuS,
2425 1666 2534 1747 qui
2577 1665 2657 1729 ad

207 1787 304 1832 me
350 1789 421 1834 ex
465 1771 650 1848 Asia,
714 1772 778 1834 in
827 1790 956 1853 qua
1001 1773 1075 1835 tu
1122 1790 1295 1848 eraS‚
1356 1774 1697 1849 venerant,
1761 1772 1978 1837 audire
2026 1773 2091 1837 te
2139 1772 2217 1836 de
2266 1772 2533 1853 glorioso
2595 1773 2661 1835 et

212 1876 389 1939 celeri
432 1877 644 1941 reditu
691 1897 833 1942 meo
881 1878 1269 1943 confirmare.
1364 1877 1434 1942 Si
1481 1881 1546 1942 te
1610 1878 1771 1942 ratio
1836 1878 2151 1959 quaedam
2212 1879 2374 1942 mira
2420 1878 2660 1942 Tuscae
2686 1897 2710 1938 a

209 1981 584 2065 disciplinae,
635 2002 831 2065 quam
875 2003 912 2048 a
942 1986 1143 2066 patre,
1188 1985 1580 2049 nobilissimo
1615 1987 1809 2066 atque
1843 1985 2080 2066 optimo
2111 1985 2263 2061 vim,
2310 2003 2661 2067 acceperaS,

206 2106 329 2151 non
364 2088 606 2167 fefellit,
652 2110 746 2155 ne
793 2110 934 2155 nos
985 2091 1311 2173 quidem
1358 2093 1644 2155 nostra
1691 2091 2099 2156 divinatio
2145 2090 2420 2168 fallet,
2469 2109 2662 2172 quam

210 2214 352 2258 cum
381 2197 1000 2280 sapientissimorum
1030 2198 1311 2263 virorum
1341 2198 1601 2263 monitis
1635 2199 1827 2279 atque
1860 2198 2214 2280 praeceptis
2245 2197 2662 2280 plurimoque,

210 2462 500 2515 bezeichnet
537 2463 657 2516 dem
696 2463 1010 2518 desiderare
1056 2465 1351 2531 gegeniiber
1401 2464 1668 2532 dasjenige
1722 2505 1752 2530 ,‚
1766 2464 2049 2518 vermissen
2064 2465 2114 2530 ⁴⁴,
2165 2480 2271 2517 was
2320 2465 2487 2517 einem
2532 2463 2666 2516 fehlt

211 2550 313 2602 und
348 2567 490 2604 wozu
526 2567 651 2605 man
687 2552 772 2604 ein
807 2551 981 2605 Recht
1028 2552 1127 2605 hat
1163 2552 1281 2619 (re).
1322 2581 1389 2592 -—
1428 2551 1646 2619 melius]
1683 2551 1997 2606 Substantiv
2015 2594 2027 2618 ‚
2075 2551 2313 2620 haufiger
2363 2552 2513 2605 dafiir
2560 2568 2664 2605 me-

213 2639 364 2694 liora.
403 2670 470 2678 -
510 2640 793 2708 complecti
832 2640 1045 2708 litteris]
1088 2657 1248 2707 „zum
1287 2638 1629 2708 Gegenstand
1679 2641 1821 2694 eines
1871 2641 2072 2694 Briefes
2111 2671 2178 2679 -
2217 2640 2448 2693 nachher
2497 2657 2665 2708 arqu-

210 2734 447 2782 meutum
481 2729 755 2798 epistulae
793 2756 859 2766 -—
899 2729 1176 2782 machen“.

352 2838 397 2880 2.
437 2828 604 2881 etiam
652 2832 819 2895 atque
870 2828 1057 2895 etiam]
1111 2828 1335 2895 „immet
1386 2827 1495 2880 und
1543 2828 1728 2880 immer
1776 2827 2024 2880 wieder“.
2085 2853 2150 2862 -—
2208 2825 2487 2890 dubitare]
2544 2824 2668 2876 Ver-

213 2915 540 2983 gangenheit.
614 2916 724 2968 Der
759 2915 857 2969 Inf.
897 2916 1071 2970 PraeS.
1111 2916 1188 2969 ist
1223 2932 1319 2969 aus
1356 2916 1500 2969 einer
1536 2915 1945 2982 Anahnlichung
1996 2931 2061 2966 an
2100 2914 2195 2966 das
2232 2912 2532 2966 Perfektum
2570 2913 2668 2963 mit

213 3003 738 3072 Prasensbedeutung
774 3005 995 3059 memini
1031 3022 1096 3058 zu
1132 3005 1386 3058 erklaren.
1428 3033 1495 3042 —
1536 3004 1603 3058 de
1638 3004 1826 3058 reditu
1860 3020 1975 3058 meo
2013 3001 2359 3068 confirmare]
2401 3000 2559 3067 „dass
2598 3000 2668 3052 du

216 3091 331 3144 (11611
365 3092 494 3145 iiber
520 3093 689 3146 meine
725 3092 1005 3147 Riickkehr
1041 3093 1142 3146 mit
1176 3092 1577 3146 Bestimmtheit
1613 3092 2015 3162 aussprachst“.

356 3203 402 3244 3.
451 3191 606 3244 ratio
655 3189 930 3259 quaedam
977 3191 1123 3244 mira
1179 3191 1385 3245 Tuscae
1437 3190 1788 3258 discipliuae]
1845 3232 1874 3256 ,‚
1887 3189 1970 3243 die
2017 3189 2274 3257 gerade'zu
2319 3187 2671 3241 erstaunliche

215 3278 710 3332 wissenschaftliche
737 3278 1075 3346 Erkenntnis,
1104 3279 1506 3347 Beherrschung
1533 3279 1628 3332 der
1654 3278 1974 3332 Tuskischen
2003 3278 2240 3342 Lehre“;
2277 3277 2429 3331 ratio
2458 3277 2533 3329 ist
2558 3276 2672 3329 hier

217 3366 297 3420 die
332 3368 386 3421 in
424 3369 509 3422 ein
546 3368 832 3421 erhabenes
868 3366 1077 3436 System
1112 3369 1395 3436 gebrachte
1437 3367 1846 3434 wissenschaft,
1897 3366 2020 3420 oder
2057 3366 2140 3419 die
2176 3364 2672 3418 wissenschaftliche

216 3456 507 3510 Wahrheit.
581 3456 682 3509 Die
718 3456 1003 3510 Tuskische
1029 3457 1194 3510 Lehre
1231 3458 1306 3510 ist
1342 3457 1425 3510 die
1461 3456 1641 3510 Kunst
1676 3456 1768 3509 des
1795 3456 2165 3523 Wahrsagens,
2202 3454 2395 3507 welche
2432 3452 2514 3504 die
2550 3452 2670 3504 friih

217 3545 581 3599 entwickelten
618 3545 876 3598 Etrusker
926 3563 991 3599 zu
1039 3546 1204 3598 einem
1256 3562 1313 3599 so
1351 3562 1414 3598 zu
1454 3561 1614 3612 sagen
1660 3542 2190 3597 wissenschaftlichen
2227 3542 2434 3610 System
2470 3541 2552 3593 bis
2589 3542 2672 3593 ins

217 3634 440 3687 kleinste
476 3633 810 3702 ausgebildet
843 3634 1030 3687 hatten
1049 3676 1061 3700 ‚
1111 3634 1357 3687 wahrend
1409 3634 1501 3686 der
1536 3632 1890 3701 gewohnliche
1927 3631 2180 3685 romische
2217 3631 2403 3697 Augur
2450 3646 2552 3681 nur
2589 3628 2671 3681 die

221 3722 486 3776 einfachen
524 3723 745 3776 Zeichen
782 3723 1028 3776 verstand
1066 3723 1174 3776 und
1210 3740 1312 3776 nur
1348 3723 1420 3776 im
1458 3722 1799 3790 allgemeinen
1829 3738 1893 3774 zu
1930 3719 2190 3773 erkennen
2216 3719 2447 3787 glaubte,
2488 3718 2552 3770 ob
2591 3717 2673 3770 die

219 3811 352 3866 betr.
381 3810 674 3879 Handlung
703 3809 871 3865 Gluek
907 3812 1031 3865 oder
1057 3811 1301 3880 Ungltick
1336 3811 1557 3879 bringen
1595 3810 1779 3864 werde.
1844 3810 1952 3862 Der
1980 3806 2227 3862 Gedanke
2264 3808 2364 3861 ist:
2403 3806 2470 3860 So
2507 3807 2675 3875 wenig

222 3900 312 3954 wie
362 3900 435 3953 du
488 3900 609 3954 (11611
655 3901 712 3953 111
763 3900 941 3954 deiner
975 3900 1314 3953 bestimmten
1350 3899 1682 3967 Voraussage
1719 3899 1915 3952 meiner
1951 3897 2360 3964 Riickberufung
2395 3896 2677 3964 getauscht

220 3988 358 4056 hast,
397 3991 587 4043 ebenso
624 3989 793 4057 wenig
829 3989 1000 4042 werde
1036 3989 1169 4042 auch
1205 3989 1291 4042 ich
1323 3989 1460 4056 jetzt
1495 3988 1666 4054 irren,
1717 4004 1864 4040 wenn
1911 3986 1996 4040 ich
2033 3986 2116 4039 dir
2153 3986 2301 4039 deine
2337 3984 2545 4052 baldige
2581 3984 2677 4037 Be·

221 4077 526 4145 gnadigung
560 4093 890 4145 voraussage.
965 4077 1137 4130 Meine
1172 4077 1527 4146 Behauptung
1561 4076 1792 4144 griindet
1829 4075 1939 4128 sich
1976 4075 2069 4127 auf
2099 4074 2435 4140 Kenntnisse‚
2475 4073 2557 4126 die
2593 4073 2678 4126 ich

221 4166 320 4219 mir
369 4165 536 4219 durch
587 4166 672 4219 die
708 4166 909 4220 Lehren
956 4166 1215 4234 kundiger
1251 4166 1471 4220 Manner
1519 4164 1628 4218 und
1664 4164 2011 4232 eingehendes
2024 4206 2036 4229 ‚
2085 4163 2469 4230 selbstandiges
2518 4161 2678 4214 Fach-

222 4254 459 4308 studium
520 4254 1077 4323 (sapientissimorum
1141 4256 1388 4310 virorum
1452 4253 1681 4308 monitis
1743 4258 1910 4322 atque
1957 4252 2273 4320 praeceptis
2330 4250 2679 4320 plurimoque

223 4341 513 4398 doctrinae
540 4342 757 4410 studio)
785 4344 1049 4397 erworben
1076 4344 1226 4410 habe,
1264 4343 1548 4397 besonders
1586 4342 1711 4396 aber
1749 4342 1841 4395 auf
1872 4341 2040 4395 meine
2077 4340 2247 4393 reiche
2283 4338 2559 4409 politische
2586 4338 2680 4390 Er-
