<?xml version="1.0" encoding="UTF-8"?>
<!DOCTYPE html PUBLIC "-//W3C//DTD XHTML 1.0 Transitional//EN"
    "http://www.w3.org/TR/xhtml1/DTD/xhtml1-transitional.dtd">
<html xmlns="http://www.w3.org/1999/xhtml" xml:lang="en" lang="en">
 <head>
  <title>
</title>
<meta http-equiv="Content-Type" content="text/html;charset=utf-8" />
  <meta name='ocr-system' content='tesseract 3.04.00' />
  <meta name='ocr-capabilities' content='ocr_page ocr_carea ocr_par ocr_line ocrx_word'/>
</head>
<body>
  <div class='ocr_page' id='page_1' title='image "./epistulaeselect01dettgoog_0023.png"; bbox 0 0 3146 4826; ppageno 0'>
   <div class='ocr_carea' id='block_1_1' title="bbox 1527 0 2045 3">
    <p class='ocr_par' dir='ltr' id='par_1_1' title="bbox 1527 0 2045 3">
     <span class='ocr_line' id='line_1_1' title="bbox 1527 0 2045 3; baseline 0 0"><span class='ocrx_word' id='word_1_1' title='bbox 1527 0 2045 3; x_wconf 95' lang='lat' dir='ltr'><strong> </strong></span> 
     </span>
    </p>
   </div>
   <div class='ocr_carea' id='block_1_2' title="bbox 2218 0 2817 3">
    <p class='ocr_par' dir='ltr' id='par_1_2' title="bbox 2218 0 2817 3">
     <span class='ocr_line' id='line_1_2' title="bbox 2218 0 2817 3; baseline 0 0"><span class='ocrx_word' id='word_1_2' title='bbox 2218 0 2817 3; x_wconf 95' lang='lat' dir='ltr'><strong> </strong></span> 
     </span>
    </p>
   </div>
   <div class='ocr_carea' id='block_1_3' title="bbox 983 355 2658 427">
    <p class='ocr_par' dir='ltr' id='par_1_3' title="bbox 983 355 2658 427">
     <span class='ocr_line' id='line_1_3' title="bbox 983 355 2658 427; baseline 0.004 -17"><span class='ocrx_word' id='word_1_3' title='bbox 983 355 1244 411; x_wconf 70' lang='lat' dir='ltr'><strong>Ciceronis</strong></span> <span class='ocrx_word' id='word_1_4' title='bbox 1279 358 1537 427; x_wconf 81' lang='lat' dir='ltr'><strong>epistulae</strong></span> <span class='ocrx_word' id='word_1_5' title='bbox 1573 358 1796 412; x_wconf 75' lang='lat' dir='ltr'><strong>selectae</strong></span> <span class='ocrx_word' id='word_1_6' title='bbox 1830 358 1872 412; x_wconf 93' lang='grc' dir='ltr'><strong>Ι.</strong></span> <span class='ocrx_word' id='word_1_7' title='bbox 2621 359 2658 416; x_wconf 72' lang='grc'>9</span> 
     </span>
    </p>
   </div>
   <div class='ocr_carea' id='block_1_4' title="bbox 192 514 2716 2396">
    <p class='ocr_par' dir='ltr' id='par_1_4' title="bbox 192 514 2716 2396">
     <span class='ocr_line' id='line_1_4' title="bbox 202 514 2656 602; baseline 0.003 -26"><span class='ocrx_word' id='word_1_8' title='bbox 202 514 539 577; x_wconf 87' lang='lat' dir='ltr'><strong>statuerim</strong></span> <span class='ocrx_word' id='word_1_9' title='bbox 602 533 772 590; x_wconf 91' lang='lat' dir='ltr'><strong>esse,</strong></span> <span class='ocrx_word' id='word_1_10' title='bbox 849 516 1110 580; x_wconf 88' lang='lat' dir='ltr'><strong>mallem</strong></span> <span class='ocrx_word' id='word_1_11' title='bbox 1170 515 1578 581; x_wconf 78' lang='lat' dir='ltr'><strong>Peducaeum</strong></span> <span class='ocrx_word' id='word_1_12' title='bbox 1638 518 1757 581; x_wconf 90' lang='lat' dir='ltr'><strong>tibi</strong></span> <span class='ocrx_word' id='word_1_13' title='bbox 1819 519 2151 583; x_wconf 89' lang='lat' dir='ltr'><strong>consilium</strong></span> <span class='ocrx_word' id='word_1_14' title='bbox 2222 538 2333 602; x_wconf 90' lang='lat' dir='ltr'><strong>per</strong></span> <span class='ocrx_word' id='word_1_15' title='bbox 2407 520 2656 584; x_wconf 88' lang='lat' dir='ltr'><strong>litteras</strong></span> 
     </span>
     <span class='ocr_line' id='line_1_5' title="bbox 202 620 2657 699; baseline 0.003 -17"><span class='ocrx_word' id='word_1_16' title='bbox 202 637 394 699; x_wconf 87' lang='lat' dir='ltr'><strong>quam</strong></span> <span class='ocrx_word' id='word_1_17' title='bbox 457 638 562 683; x_wconf 91' lang='lat' dir='ltr'><strong>me</strong></span> <span class='ocrx_word' id='word_1_18' title='bbox 625 620 793 684; x_wconf 88' lang='lat' dir='ltr'><strong>dare.</strong></span> <span class='ocrx_word' id='word_1_19' title='bbox 893 620 1147 683; x_wconf 78' lang='lat' dir='ltr'><strong>Etenim</strong></span> <span class='ocrx_word' id='word_1_20' title='bbox 1207 640 1355 685; x_wconf 90' lang='lat' dir='ltr'><strong>cum</strong></span> <span class='ocrx_word' id='word_1_21' title='bbox 1414 623 1655 686; x_wconf 89' lang='lat' dir='ltr'><strong>multos</strong></span> <span class='ocrx_word' id='word_1_22' title='bbox 1719 623 1851 687; x_wconf 89' lang='lat' dir='ltr'><strong>dies</strong></span> <span class='ocrx_word' id='word_1_23' title='bbox 1915 642 2102 688; x_wconf 90' lang='lat' dir='ltr'><strong>aures</strong></span> <span class='ocrx_word' id='word_1_24' title='bbox 2163 644 2338 689; x_wconf 87' lang='lat' dir='ltr'><strong>meas</strong></span> <span class='ocrx_word' id='word_1_25' title='bbox 2386 625 2657 690; x_wconf 78' lang='lat' dir='ltr'><strong>Acutilio</strong></span> 
     </span>
     <span class='ocr_line' id='line_1_6' title="bbox 200 725 2658 808; baseline 0.002 -20"><span class='ocrx_word' id='word_1_26' title='bbox 200 725 538 802; x_wconf 84' lang='lat' dir='ltr'><strong>dedissem,</strong></span> <span class='ocrx_word' id='word_1_27' title='bbox 585 726 766 790; x_wconf 90' lang='lat' dir='ltr'><strong>cuius</strong></span> <span class='ocrx_word' id='word_1_28' title='bbox 815 727 1123 790; x_wconf 86' lang='lat' dir='ltr'><strong>sermonis</strong></span> <span class='ocrx_word' id='word_1_29' title='bbox 1172 745 1372 808; x_wconf 90' lang='lat' dir='ltr'><strong>genus</strong></span> <span class='ocrx_word' id='word_1_30' title='bbox 1419 729 1536 792; x_wconf 87' lang='lat' dir='ltr'><strong>tibi</strong></span> <span class='ocrx_word' id='word_1_31' title='bbox 1581 733 1808 793; x_wconf 86' lang='lat' dir='ltr'><strong>notum</strong></span> <span class='ocrx_word' id='word_1_32' title='bbox 1840 748 1977 793; x_wconf 89' lang='lat' dir='ltr'><strong>esse</strong></span> <span class='ocrx_word' id='word_1_33' title='bbox 2012 731 2299 806; x_wconf 80' lang='lat' dir='ltr'><strong>arbitror,</strong></span> <span class='ocrx_word' id='word_1_34' title='bbox 2343 749 2470 794; x_wconf 90' lang='lat' dir='ltr'><strong>non</strong></span> <span class='ocrx_word' id='word_1_35' title='bbox 2501 732 2658 794; x_wconf 90' lang='lat' dir='ltr'><strong>mihi</strong></span> 
     </span>
     <span class='ocr_line' id='line_1_7' title="bbox 199 832 2658 914; baseline 0.002 -20"><span class='ocrx_word' id='word_1_36' title='bbox 199 849 389 911; x_wconf 87' lang='lat' dir='ltr'><strong>grave</strong></span> <span class='ocrx_word' id='word_1_37' title='bbox 440 832 592 895; x_wconf 81' lang='lat' dir='ltr'><strong>duxi</strong></span> <span class='ocrx_word' id='word_1_38' title='bbox 639 833 911 896; x_wconf 88' lang='lat' dir='ltr'><strong>scribere</strong></span> <span class='ocrx_word' id='word_1_39' title='bbox 960 832 1041 895; x_wconf 91' lang='lat' dir='ltr'><strong>ad</strong></span> <span class='ocrx_word' id='word_1_40' title='bbox 1086 834 1153 895; x_wconf 92' lang='lat' dir='ltr'><strong>te</strong></span> <span class='ocrx_word' id='word_1_41' title='bbox 1201 833 1279 897; x_wconf 91' lang='lat' dir='ltr'><strong>de</strong></span> <span class='ocrx_word' id='word_1_42' title='bbox 1326 832 1498 897; x_wconf 89' lang='lat' dir='ltr'><strong>illius</strong></span> <span class='ocrx_word' id='word_1_43' title='bbox 1549 834 1988 914; x_wconf 89' lang='lat' dir='ltr'><strong>querimoniis,</strong></span> <span class='ocrx_word' id='word_1_44' title='bbox 2049 854 2196 899; x_wconf 92' lang='lat' dir='ltr'><strong>cum</strong></span> <span class='ocrx_word' id='word_1_45' title='bbox 2251 854 2358 899; x_wconf 89' lang='lat' dir='ltr'><strong>eas</strong></span> <span class='ocrx_word' id='word_1_46' title='bbox 2421 836 2658 911; x_wconf 89' lang='lat' dir='ltr'><strong>audire,</strong></span> 
     </span>
     <span class='ocr_line' id='line_1_8' title="bbox 200 938 2656 1024; baseline 0.002 -24"><span class='ocrx_word' id='word_1_47' title='bbox 200 938 369 1017; x_wconf 90' lang='lat' dir='ltr'><strong>quod</strong></span> <span class='ocrx_word' id='word_1_48' title='bbox 417 940 560 1002; x_wconf 89' lang='lat' dir='ltr'><strong>erat</strong></span> <span class='ocrx_word' id='word_1_49' title='bbox 607 938 1047 1014; x_wconf 90' lang='lat' dir='ltr'><strong>subodiosum,</strong></span> <span class='ocrx_word' id='word_1_50' title='bbox 1108 939 1244 1002; x_wconf 85' lang='lat' dir='ltr'><strong>leve</strong></span> <span class='ocrx_word' id='word_1_51' title='bbox 1290 942 1657 1021; x_wconf 88' lang='lat' dir='ltr'><strong>putassem;</strong></span> <span class='ocrx_word' id='word_1_52' title='bbox 1720 941 1830 1005; x_wconf 90' lang='lat' dir='ltr'><strong>sed</strong></span> <span class='ocrx_word' id='word_1_53' title='bbox 1880 942 1991 1004; x_wconf 88' lang='lat' dir='ltr'><strong>abs</strong></span> <span class='ocrx_word' id='word_1_54' title='bbox 2037 942 2103 1005; x_wconf 90' lang='lat' dir='ltr'><strong>te</strong></span> <span class='ocrx_word' id='word_1_55' title='bbox 2157 942 2322 1024; x_wconf 90' lang='lat' dir='ltr'><strong>ipso,</strong></span> <span class='ocrx_word' id='word_1_56' title='bbox 2386 941 2493 1022; x_wconf 93' lang='lat' dir='ltr'><strong>qui</strong></span> <span class='ocrx_word' id='word_1_57' title='bbox 2553 960 2656 1004; x_wconf 90' lang='lat' dir='ltr'><strong>me</strong></span> 
     </span>
     <span class='ocr_line' id='line_1_9' title="bbox 198 1044 2656 1124; baseline 0.001 -18"><span class='ocrx_word' id='word_1_58' title='bbox 198 1061 498 1121; x_wconf 87' lang='lat' dir='ltr'><strong>accusas,</strong></span> <span class='ocrx_word' id='word_1_59' title='bbox 561 1062 723 1108; x_wconf 86' lang='lat' dir='ltr'><strong>unas</strong></span> <span class='ocrx_word' id='word_1_60' title='bbox 769 1044 930 1109; x_wconf 90' lang='lat' dir='ltr'><strong>mihi</strong></span> <span class='ocrx_word' id='word_1_61' title='bbox 977 1045 1136 1109; x_wconf 90' lang='lat' dir='ltr'><strong>scito</strong></span> <span class='ocrx_word' id='word_1_62' title='bbox 1182 1045 1432 1110; x_wconf 86' lang='lat' dir='ltr'><strong>litteras</strong></span> <span class='ocrx_word' id='word_1_63' title='bbox 1493 1046 1777 1110; x_wconf 89' lang='lat' dir='ltr'><strong>redditas</strong></span> <span class='ocrx_word' id='word_1_64' title='bbox 1840 1065 1977 1111; x_wconf 90' lang='lat' dir='ltr'><strong>esse</strong></span> <span class='ocrx_word' id='word_1_65' title='bbox 1997 1095 2011 1124; x_wconf 92' lang='lat'><strong>,</strong></span> <span class='ocrx_word' id='word_1_66' title='bbox 2074 1066 2220 1112; x_wconf 90' lang='lat' dir='ltr'><strong>cum</strong></span> <span class='ocrx_word' id='word_1_67' title='bbox 2280 1050 2346 1111; x_wconf 92' lang='lat' dir='ltr'><strong>et</strong></span> <span class='ocrx_word' id='word_1_68' title='bbox 2405 1047 2516 1110; x_wconf 90' lang='lat' dir='ltr'><strong>otii</strong></span> <span class='ocrx_word' id='word_1_69' title='bbox 2578 1047 2656 1110; x_wconf 87' lang='lat' dir='ltr'><strong>ad</strong></span> 
     </span>
     <span class='ocr_line' id='line_1_10' title="bbox 196 1149 2711 1232; baseline 0.001 -21"><span class='ocrx_word' id='word_1_70' title='bbox 196 1149 610 1214; x_wconf 88' lang='lat' dir='ltr'><strong>scribendum</strong></span> <span class='ocrx_word' id='word_1_71' title='bbox 669 1151 815 1232; x_wconf 88' lang='lat' dir='ltr'><strong>plus</strong></span> <span class='ocrx_word' id='word_1_72' title='bbox 880 1153 945 1214; x_wconf 91' lang='lat' dir='ltr'><strong>et</strong></span> <span class='ocrx_word' id='word_1_73' title='bbox 1005 1150 1381 1215; x_wconf 83' lang='lat' dir='ltr'><strong>facultatem</strong></span> <span class='ocrx_word' id='word_1_74' title='bbox 1442 1152 1636 1215; x_wconf 89' lang='lat' dir='ltr'><strong>dandi</strong></span> <span class='ocrx_word' id='word_1_75' title='bbox 1697 1153 2004 1217; x_wconf 88' lang='lat' dir='ltr'><strong>maiorem</strong></span> <span class='ocrx_word' id='word_1_76' title='bbox 2066 1153 2381 1217; x_wconf 85' lang='lat' dir='ltr'><strong>habueris.</strong></span> <span class='ocrx_word' id='word_1_77' title='bbox 2475 1152 2659 1231; x_wconf 84' lang='lat' dir='ltr'><strong>Quod</strong></span> <span class='ocrx_word' id='word_1_78' title='bbox 2685 1176 2711 1213; x_wconf 66' lang='lat' dir='ltr'><strong>a</strong></span> 
     </span>
     <span class='ocr_line' id='line_1_11' title="bbox 195 1255 2660 1334; baseline 0.002 -15"><span class='ocrx_word' id='word_1_79' title='bbox 195 1255 453 1332; x_wconf 88' lang='lat' dir='ltr'><strong>scribis,</strong></span> <span class='ocrx_word' id='word_1_80' title='bbox 502 1256 734 1319; x_wconf 89' lang='lat' dir='ltr'><strong>etiam</strong></span> <span class='ocrx_word' id='word_1_81' title='bbox 782 1257 846 1319; x_wconf 94' lang='lat' dir='ltr'><strong>si</strong></span> <span class='ocrx_word' id='word_1_82' title='bbox 891 1257 1108 1320; x_wconf 92' lang='lat' dir='ltr'><strong>cuius</strong></span> <span class='ocrx_word' id='word_1_83' title='bbox 1156 1256 1456 1320; x_wconf 90' lang='lat' dir='ltr'><strong>animus</strong></span> <span class='ocrx_word' id='word_1_84' title='bbox 1502 1257 1584 1319; x_wconf 90' lang='lat' dir='ltr'><strong>in</strong></span> <span class='ocrx_word' id='word_1_85' title='bbox 1627 1259 1700 1321; x_wconf 93' lang='lat' dir='ltr'><strong>te</strong></span> <span class='ocrx_word' id='word_1_86' title='bbox 1748 1260 1956 1322; x_wconf 92' lang='lat' dir='ltr'><strong>esset</strong></span> <span class='ocrx_word' id='word_1_87' title='bbox 2002 1257 2427 1334; x_wconf 83' lang='lat' dir='ltr'><strong>offensior,</strong></span> <span class='ocrx_word' id='word_1_88' title='bbox 2475 1276 2512 1322; x_wconf 88' lang='lat' dir='ltr'><strong>a</strong></span> <span class='ocrx_word' id='word_1_89' title='bbox 2558 1277 2660 1323; x_wconf 92' lang='lat' dir='ltr'><strong>me</strong></span> 
     </span>
     <span class='ocr_line' id='line_1_12' title="bbox 193 1361 2664 1445; baseline 0.001 -21"><span class='ocrx_word' id='word_1_90' title='bbox 193 1361 594 1442; x_wconf 86' lang='lat' dir='ltr'><strong>recolligi</strong></span> <span class='ocrx_word' id='word_1_91' title='bbox 642 1363 961 1443; x_wconf 87' lang='lat' dir='ltr'><strong>oportere,</strong></span> <span class='ocrx_word' id='word_1_92' title='bbox 1007 1364 1218 1439; x_wconf 90' lang='lat' dir='ltr'><strong>teneo,</strong></span> <span class='ocrx_word' id='word_1_93' title='bbox 1268 1362 1418 1442; x_wconf 93' lang='lat' dir='ltr'><strong>quid</strong></span> <span class='ocrx_word' id='word_1_94' title='bbox 1468 1362 1672 1439; x_wconf 89' lang='lat' dir='ltr'><strong>dicas,</strong></span> <span class='ocrx_word' id='word_1_95' title='bbox 1716 1381 1924 1443; x_wconf 89' lang='lat' dir='ltr'><strong>neque</strong></span> <span class='ocrx_word' id='word_1_96' title='bbox 1971 1363 2034 1426; x_wconf 94' lang='lat' dir='ltr'><strong>id</strong></span> <span class='ocrx_word' id='word_1_97' title='bbox 2081 1363 2359 1445; x_wconf 86' lang='lat' dir='ltr'><strong>neglexi,</strong></span> <span class='ocrx_word' id='word_1_98' title='bbox 2407 1364 2518 1428; x_wconf 91' lang='lat' dir='ltr'><strong>sed</strong></span> <span class='ocrx_word' id='word_1_99' title='bbox 2565 1368 2664 1429; x_wconf 90' lang='lat' dir='ltr'><strong>est</strong></span> 
     </span>
     <span class='ocr_line' id='line_1_13' title="bbox 192 1467 2664 1549; baseline 0.001 -19"><span class='ocrx_word' id='word_1_100' title='bbox 192 1467 359 1530; x_wconf 87' lang='lat' dir='ltr'><strong>miro</strong></span> <span class='ocrx_word' id='word_1_101' title='bbox 411 1467 690 1547; x_wconf 89' lang='lat' dir='ltr'><strong>quodam</strong></span> <span class='ocrx_word' id='word_1_102' title='bbox 737 1468 923 1531; x_wconf 94' lang='lat' dir='ltr'><strong>modo</strong></span> <span class='ocrx_word' id='word_1_103' title='bbox 972 1467 1279 1532; x_wconf 89' lang='lat' dir='ltr'><strong>adfectus.</strong></span> <span class='ocrx_word' id='word_1_104' title='bbox 1370 1468 1504 1548; x_wconf 87' lang='lat' dir='ltr'><strong>Ego</strong></span> <span class='ocrx_word' id='word_1_105' title='bbox 1552 1470 1802 1544; x_wconf 89' lang='lat' dir='ltr'><strong>autem,</strong></span> <span class='ocrx_word' id='word_1_106' title='bbox 1866 1487 2029 1549; x_wconf 89' lang='lat' dir='ltr'><strong>quae</strong></span> <span class='ocrx_word' id='word_1_107' title='bbox 2078 1469 2342 1534; x_wconf 89' lang='lat' dir='ltr'><strong>dicenda</strong></span> <span class='ocrx_word' id='word_1_108' title='bbox 2404 1469 2664 1535; x_wconf 89' lang='lat' dir='ltr'><strong>fuerunt</strong></span> 
     </span>
     <span class='ocr_line' id='line_1_14' title="bbox 194 1573 2665 1657; baseline 0.001 -22"><span class='ocrx_word' id='word_1_109' title='bbox 194 1573 274 1636; x_wconf 91' lang='lat' dir='ltr'><strong>de</strong></span> <span class='ocrx_word' id='word_1_110' title='bbox 326 1574 412 1649; x_wconf 90' lang='lat' dir='ltr'><strong>te,</strong></span> <span class='ocrx_word' id='word_1_111' title='bbox 459 1590 583 1635; x_wconf 90' lang='lat' dir='ltr'><strong>non</strong></span> <span class='ocrx_word' id='word_1_112' title='bbox 629 1573 960 1654; x_wconf 87' lang='lat' dir='ltr'><strong>praeterii;</strong></span> <span class='ocrx_word' id='word_1_113' title='bbox 1011 1573 1164 1653; x_wconf 88' lang='lat' dir='ltr'><strong>quid</strong></span> <span class='ocrx_word' id='word_1_114' title='bbox 1211 1575 1430 1637; x_wconf 88' lang='lat' dir='ltr'><strong>autem</strong></span> <span class='ocrx_word' id='word_1_115' title='bbox 1476 1574 1987 1638; x_wconf 89' lang='lat' dir='ltr'><strong>contendendum</strong></span> <span class='ocrx_word' id='word_1_116' title='bbox 2034 1576 2221 1652; x_wconf 90' lang='lat' dir='ltr'><strong>esset,</strong></span> <span class='ocrx_word' id='word_1_117' title='bbox 2270 1594 2343 1639; x_wconf 89' lang='lat' dir='ltr'><strong>ex</strong></span> <span class='ocrx_word' id='word_1_118' title='bbox 2388 1579 2502 1639; x_wconf 86' lang='lat' dir='ltr'><strong>tua</strong></span> <span class='ocrx_word' id='word_1_119' title='bbox 2547 1595 2665 1657; x_wconf 90' lang='lat' dir='ltr'><strong>pu-</strong></span> 
     </span>
     <span class='ocr_line' id='line_1_15' title="bbox 192 1678 2665 1763; baseline 0.002 -22"><span class='ocrx_word' id='word_1_120' title='bbox 192 1679 424 1742; x_wconf 87' lang='lat' dir='ltr'><strong>tabam</strong></span> <span class='ocrx_word' id='word_1_121' title='bbox 470 1678 801 1741; x_wconf 86' lang='lat' dir='ltr'><strong>voluntate</strong></span> <span class='ocrx_word' id='word_1_122' title='bbox 849 1697 951 1742; x_wconf 91' lang='lat' dir='ltr'><strong>me</strong></span> <span class='ocrx_word' id='word_1_123' title='bbox 1000 1680 1284 1743; x_wconf 87' lang='lat' dir='ltr'><strong>statuere</strong></span> <span class='ocrx_word' id='word_1_124' title='bbox 1333 1681 1620 1760; x_wconf 85' lang='lat' dir='ltr'><strong>oportere</strong></span> <span class='ocrx_word' id='word_1_125' title='bbox 1638 1728 1654 1755; x_wconf 94' lang='lat'>‚</span> <span class='ocrx_word' id='word_1_126' title='bbox 1718 1697 1911 1760; x_wconf 92' lang='lat' dir='ltr'><strong>quam</strong></span> <span class='ocrx_word' id='word_1_127' title='bbox 1958 1681 2012 1743; x_wconf 90' lang='lat' dir='ltr'><strong>si</strong></span> <span class='ocrx_word' id='word_1_128' title='bbox 2059 1680 2136 1744; x_wconf 88' lang='lat' dir='ltr'><strong>ad</strong></span> <span class='ocrx_word' id='word_1_129' title='bbox 2193 1699 2295 1745; x_wconf 90' lang='lat' dir='ltr'><strong>me</strong></span> <span class='ocrx_word' id='word_1_130' title='bbox 2356 1682 2665 1763; x_wconf 89' lang='lat' dir='ltr'><strong>perscrip-</strong></span> 
     </span>
     <span class='ocr_line' id='line_1_16' title="bbox 194 1784 2664 1868; baseline 0.001 -20"><span class='ocrx_word' id='word_1_131' title='bbox 194 1784 393 1860; x_wconf 76' lang='lat' dir='ltr'><strong>seriS,</strong></span> <span class='ocrx_word' id='word_1_132' title='bbox 456 1784 789 1865; x_wconf 86' lang='lat' dir='ltr'><strong>intelleges</strong></span> <span class='ocrx_word' id='word_1_133' title='bbox 835 1803 938 1848; x_wconf 90' lang='lat' dir='ltr'><strong>me</strong></span> <span class='ocrx_word' id='word_1_134' title='bbox 984 1802 1191 1865; x_wconf 90' lang='lat' dir='ltr'><strong>neque</strong></span> <span class='ocrx_word' id='word_1_135' title='bbox 1239 1784 1708 1865; x_wconf 90' lang='lat' dir='ltr'><strong>diligentiorem</strong></span> <span class='ocrx_word' id='word_1_136' title='bbox 1764 1803 1903 1848; x_wconf 89' lang='lat' dir='ltr'><strong>esse</strong></span> <span class='ocrx_word' id='word_1_137' title='bbox 1965 1786 2268 1863; x_wconf 86' lang='lat' dir='ltr'><strong>voluisse,</strong></span> <span class='ocrx_word' id='word_1_138' title='bbox 2332 1806 2526 1868; x_wconf 91' lang='lat' dir='ltr'><strong>quam</strong></span> <span class='ocrx_word' id='word_1_139' title='bbox 2588 1790 2664 1850; x_wconf 90' lang='lat' dir='ltr'><strong>tu</strong></span> 
     </span>
     <span class='ocr_line' id='line_1_17' title="bbox 196 1890 2716 1972; baseline 0 -18"><span class='ocrx_word' id='word_1_140' title='bbox 196 1909 413 1967; x_wconf 87' lang='lat' dir='ltr'><strong>esses,</strong></span> <span class='ocrx_word' id='word_1_141' title='bbox 474 1909 680 1971; x_wconf 90' lang='lat' dir='ltr'><strong>neque</strong></span> <span class='ocrx_word' id='word_1_142' title='bbox 727 1891 1269 1972; x_wconf 88' lang='lat' dir='ltr'><strong>neglegentiorem</strong></span> <span class='ocrx_word' id='word_1_143' title='bbox 1315 1890 1476 1967; x_wconf 91' lang='lat' dir='ltr'><strong>fore,</strong></span> <span class='ocrx_word' id='word_1_144' title='bbox 1533 1908 1727 1972; x_wconf 87' lang='lat' dir='ltr'><strong>quam</strong></span> <span class='ocrx_word' id='word_1_145' title='bbox 1774 1893 1846 1955; x_wconf 93' lang='lat' dir='ltr'><strong>tu</strong></span> <span class='ocrx_word' id='word_1_146' title='bbox 1894 1892 2068 1955; x_wconf 84' lang='lat' dir='ltr'><strong>velis.</strong></span> <span class='ocrx_word' id='word_1_147' title='bbox 2159 1892 2254 1956; x_wconf 93' lang='lat' dir='ltr'><strong>De</strong></span> <span class='ocrx_word' id='word_1_148' title='bbox 2302 1893 2716 1957; x_wconf 74' lang='lat' dir='ltr'><strong>Tadianae</strong></span> 
     </span>
     <span class='ocr_line' id='line_1_18' title="bbox 195 1996 2665 2079; baseline 0.001 -19"><span class='ocrx_word' id='word_1_149' title='bbox 195 2015 313 2072; x_wconf 91' lang='lat' dir='ltr'><strong>re,</strong></span> <span class='ocrx_word' id='word_1_150' title='bbox 375 2015 634 2060; x_wconf 90' lang='lat' dir='ltr'><strong>mecum</strong></span> <span class='ocrx_word' id='word_1_151' title='bbox 679 1996 916 2061; x_wconf 85' lang='lat' dir='ltr'><strong>Tadius</strong></span> <span class='ocrx_word' id='word_1_152' title='bbox 962 1998 1216 2061; x_wconf 89' lang='lat' dir='ltr'><strong>locutus</strong></span> <span class='ocrx_word' id='word_1_153' title='bbox 1265 1999 1364 2060; x_wconf 89' lang='lat' dir='ltr'><strong>est</strong></span> <span class='ocrx_word' id='word_1_154' title='bbox 1417 1998 1482 2060; x_wconf 90' lang='lat' dir='ltr'><strong>te</strong></span> <span class='ocrx_word' id='word_1_155' title='bbox 1542 1997 1636 2060; x_wconf 89' lang='lat' dir='ltr'><strong>ita</strong></span> <span class='ocrx_word' id='word_1_156' title='bbox 1698 1997 2055 2079; x_wconf 88' lang='lat' dir='ltr'><strong>scripsisse,</strong></span> <span class='ocrx_word' id='word_1_157' title='bbox 2117 1998 2275 2061; x_wconf 88' lang='lat' dir='ltr'><strong>nihil</strong></span> <span class='ocrx_word' id='word_1_158' title='bbox 2338 2017 2475 2063; x_wconf 91' lang='lat' dir='ltr'><strong>esse</strong></span> <span class='ocrx_word' id='word_1_159' title='bbox 2536 1999 2665 2063; x_wconf 90' lang='lat' dir='ltr'><strong>iam</strong></span> 
     </span>
     <span class='ocr_line' id='line_1_19' title="bbox 199 2102 2669 2184; baseline 0.001 -18"><span class='ocrx_word' id='word_1_160' title='bbox 199 2102 374 2183; x_wconf 89' lang='lat' dir='ltr'><strong>quod</strong></span> <span class='ocrx_word' id='word_1_161' title='bbox 424 2102 855 2179; x_wconf 88' lang='lat' dir='ltr'><strong>laboraretur,</strong></span> <span class='ocrx_word' id='word_1_162' title='bbox 920 2103 1220 2183; x_wconf 92' lang='lat' dir='ltr'><strong>quoniam</strong></span> <span class='ocrx_word' id='word_1_163' title='bbox 1266 2102 1590 2166; x_wconf 90' lang='lat' dir='ltr'><strong>hereditas</strong></span> <span class='ocrx_word' id='word_1_164' title='bbox 1638 2120 1761 2165; x_wconf 94' lang='lat' dir='ltr'><strong>usu</strong></span> <span class='ocrx_word' id='word_1_165' title='bbox 1816 2105 2003 2184; x_wconf 87' lang='lat' dir='ltr'><strong>capta</strong></span> <span class='ocrx_word' id='word_1_166' title='bbox 2063 2105 2248 2167; x_wconf 89' lang='lat' dir='ltr'><strong>esset.</strong></span> <span class='ocrx_word' id='word_1_167' title='bbox 2339 2103 2412 2166; x_wconf 94' lang='lat' dir='ltr'><strong>Id</strong></span> <span class='ocrx_word' id='word_1_168' title='bbox 2474 2105 2669 2168; x_wconf 87' lang='lat' dir='ltr'><strong>mira-</strong></span> 
     </span>
     <span class='ocr_line' id='line_1_20' title="bbox 195 2208 2666 2291; baseline 0 -19"><span class='ocrx_word' id='word_1_169' title='bbox 195 2209 437 2272; x_wconf 87' lang='lat' dir='ltr'><strong>bamur</strong></span> <span class='ocrx_word' id='word_1_170' title='bbox 482 2209 548 2271; x_wconf 94' lang='lat' dir='ltr'><strong>te</strong></span> <span class='ocrx_word' id='word_1_171' title='bbox 595 2208 906 2288; x_wconf 88' lang='lat' dir='ltr'><strong>ignorare,</strong></span> <span class='ocrx_word' id='word_1_172' title='bbox 953 2208 1030 2271; x_wconf 89' lang='lat' dir='ltr'><strong>de</strong></span> <span class='ocrx_word' id='word_1_173' title='bbox 1077 2208 1284 2272; x_wconf 90' lang='lat' dir='ltr'><strong>tutela</strong></span> <span class='ocrx_word' id='word_1_174' title='bbox 1329 2208 1635 2288; x_wconf 87' lang='lat' dir='ltr'><strong>legitima,</strong></span> <span class='ocrx_word' id='word_1_175' title='bbox 1681 2208 1746 2270; x_wconf 90' lang='lat' dir='ltr'><strong>in</strong></span> <span class='ocrx_word' id='word_1_176' title='bbox 1797 2226 1923 2288; x_wconf 88' lang='lat' dir='ltr'><strong>qua</strong></span> <span class='ocrx_word' id='word_1_177' title='bbox 1971 2208 2204 2272; x_wconf 89' lang='lat' dir='ltr'><strong>dicitur</strong></span> <span class='ocrx_word' id='word_1_178' title='bbox 2252 2227 2389 2273; x_wconf 91' lang='lat' dir='ltr'><strong>esse</strong></span> <span class='ocrx_word' id='word_1_179' title='bbox 2434 2210 2666 2291; x_wconf 89' lang='lat' dir='ltr'><strong>puella,</strong></span> 
     </span>
     <span class='ocr_line' id='line_1_21' title="bbox 198 2313 2714 2396; baseline -0.001 -20"><span class='ocrx_word' id='word_1_180' title='bbox 198 2313 368 2376; x_wconf 90' lang='lat' dir='ltr'><strong>nihil</strong></span> <span class='ocrx_word' id='word_1_181' title='bbox 430 2332 552 2377; x_wconf 94' lang='lat' dir='ltr'><strong>usu</strong></span> <span class='ocrx_word' id='word_1_182' title='bbox 616 2314 755 2395; x_wconf 87' lang='lat' dir='ltr'><strong>capi</strong></span> <span class='ocrx_word' id='word_1_183' title='bbox 815 2332 1018 2395; x_wconf 89' lang='lat' dir='ltr'><strong>posse.</strong></span> <span class='ocrx_word' id='word_1_184' title='bbox 1120 2314 1633 2396; x_wconf 86' lang='lat' dir='ltr'><strong>Epiroticam</strong></span> <span class='ocrx_word' id='word_1_185' title='bbox 1696 2315 2181 2395; x_wconf 89' lang='lat' dir='ltr'><strong>emptionem</strong></span> <span class='ocrx_word' id='word_1_186' title='bbox 2243 2314 2488 2394; x_wconf 88' lang='lat' dir='ltr'><strong>gaudeo</strong></span> <span class='ocrx_word' id='word_1_187' title='bbox 2549 2315 2714 2378; x_wconf 80' lang='lat' dir='ltr'><strong>tibi7</strong></span> 
     </span>
    </p>
   </div>
   <div class='ocr_carea' id='block_1_5' title="bbox 200 2475 636 2481">
    <p class='ocr_par' dir='ltr' id='par_1_5' title="bbox 200 2475 636 2481">
     <span class='ocr_line' id='line_1_22' title="bbox 200 2475 636 2481; baseline 0 0"><span class='ocrx_word' id='word_1_188' title='bbox 200 2475 636 2481; x_wconf 95' lang='lat' dir='ltr'><strong> </strong></span> 
     </span>
    </p>
   </div>
   <div class='ocr_carea' id='block_1_6' title="bbox 203 2575 2676 3352">
    <p class='ocr_par' dir='ltr' id='par_1_6' title="bbox 203 2575 2673 3176">
     <span class='ocr_line' id='line_1_23' title="bbox 203 2575 2669 2645; baseline 0 -13"><span class='ocrx_word' id='word_1_189' title='bbox 203 2577 557 2643; x_wconf 74' lang='lat' dir='ltr'><strong>Peducaeus]</strong></span> <span class='ocrx_word' id='word_1_190' title='bbox 586 2577 671 2630; x_wconf 90' lang='lat' dir='ltr'><strong>ein</strong></span> <span class='ocrx_word' id='word_1_191' title='bbox 697 2576 733 2629; x_wconf 89' lang='lat' dir='ltr'>J</span> <span class='ocrx_word' id='word_1_192' title='bbox 735 2577 1094 2644; x_wconf 82' lang='lat' dir='ltr'><strong>ugendfreund</strong></span> <span class='ocrx_word' id='word_1_193' title='bbox 1124 2577 1215 2630; x_wconf 91' lang='lat' dir='ltr'><strong>des</strong></span> <span class='ocrx_word' id='word_1_194' title='bbox 1245 2575 1475 2631; x_wconf 86' lang='lat' dir='ltr'><strong>Atticus.</strong></span> <span class='ocrx_word' id='word_1_195' title='bbox 1516 2608 1584 2616; x_wconf 94' lang='lat'><strong>—</strong></span> <span class='ocrx_word' id='word_1_196' title='bbox 1621 2578 1883 2633; x_wconf 78' lang='lat' dir='ltr'><strong>sermonis</strong></span> <span class='ocrx_word' id='word_1_197' title='bbox 1906 2577 2103 2645; x_wconf 72' lang='lat' dir='ltr'><strong>qenws]</strong></span> <span class='ocrx_word' id='word_1_198' title='bbox 2139 2578 2269 2645; x_wconf 90' lang='lat' dir='ltr'><strong>geht</strong></span> <span class='ocrx_word' id='word_1_199' title='bbox 2296 2578 2433 2631; x_wconf 87' lang='lat' dir='ltr'><strong>wohl</strong></span> <span class='ocrx_word' id='word_1_200' title='bbox 2460 2579 2555 2631; x_wconf 85' lang='lat' dir='ltr'><strong>auf</strong></span> <span class='ocrx_word' id='word_1_201' title='bbox 2577 2579 2669 2632; x_wconf 89' lang='lat' dir='ltr'><strong>des</strong></span> 
     </span>
     <span class='ocr_line' id='line_1_24' title="bbox 203 2665 2671 2735; baseline 0.001 -16"><span class='ocrx_word' id='word_1_202' title='bbox 203 2666 473 2719; x_wconf 82' lang='lat' dir='ltr'><strong>Acutilius</strong></span> <span class='ocrx_word' id='word_1_203' title='bbox 500 2665 696 2733; x_wconf 70' lang='lat' dir='ltr'><strong>lastige</strong></span> <span class='ocrx_word' id='word_1_204' title='bbox 723 2665 1261 2733; x_wconf 80' lang='lat' dir='ltr'><strong>Schwatzhaftigkeit.</strong></span> <span class='ocrx_word' id='word_1_205' title='bbox 1294 2696 1361 2704; x_wconf 91' lang='lat'><strong>—</strong></span> <span class='ocrx_word' id='word_1_206' title='bbox 1398 2666 1674 2734; x_wconf 72' lang='lat' dir='ltr'><strong>redditas]</strong></span> <span class='ocrx_word' id='word_1_207' title='bbox 1704 2666 1836 2720; x_wconf 88' lang='lat' dir='ltr'><strong>Hier</strong></span> <span class='ocrx_word' id='word_1_208' title='bbox 1862 2666 1960 2718; x_wconf 88' lang='lat' dir='ltr'><strong>hat</strong></span> <span class='ocrx_word' id='word_1_209' title='bbox 1984 2681 2045 2720; x_wconf 82' lang='lat' dir='ltr'><strong>re</strong></span> <span class='ocrx_word' id='word_1_210' title='bbox 2071 2666 2221 2719; x_wconf 88' lang='lat' dir='ltr'><strong>nicht</strong></span> <span class='ocrx_word' id='word_1_211' title='bbox 2248 2666 2330 2719; x_wconf 89' lang='lat' dir='ltr'><strong>die</strong></span> <span class='ocrx_word' id='word_1_212' title='bbox 2358 2667 2671 2735; x_wconf 89' lang='lat' dir='ltr'><strong>Bedeutung</strong></span> 
     </span>
     <span class='ocr_line' id='line_1_25' title="bbox 207 2753 2669 2823; baseline 0 -16"><span class='ocrx_word' id='word_1_213' title='bbox 207 2797 237 2820; x_wconf 93' lang='lat'><strong>‚‚</strong></span> <span class='ocrx_word' id='word_1_214' title='bbox 250 2754 507 2819; x_wconf 82' lang='lat' dir='ltr'><strong>zuriick“‚</strong></span> <span class='ocrx_word' id='word_1_215' title='bbox 538 2753 761 2806; x_wconf 90' lang='lat' dir='ltr'><strong>sondern</strong></span> <span class='ocrx_word' id='word_1_216' title='bbox 790 2753 1109 2819; x_wconf 83' lang='lat' dir='ltr'><strong>bezeichnet‚</strong></span> <span class='ocrx_word' id='word_1_217' title='bbox 1141 2753 1257 2806; x_wconf 81' lang='lat' dir='ltr'><strong>dass</strong></span> <span class='ocrx_word' id='word_1_218' title='bbox 1287 2753 1370 2806; x_wconf 91' lang='lat' dir='ltr'><strong>die</strong></span> <span class='ocrx_word' id='word_1_219' title='bbox 1396 2754 1687 2822; x_wconf 89' lang='lat' dir='ltr'><strong>Handlung</strong></span> <span class='ocrx_word' id='word_1_220' title='bbox 1713 2755 1805 2808; x_wconf 90' lang='lat' dir='ltr'><strong>des</strong></span> <span class='ocrx_word' id='word_1_221' title='bbox 1829 2754 2086 2807; x_wconf 88' lang='lat' dir='ltr'><strong>Verbums</strong></span> <span class='ocrx_word' id='word_1_222' title='bbox 2114 2754 2226 2807; x_wconf 92' lang='lat' dir='ltr'><strong>eine</strong></span> <span class='ocrx_word' id='word_1_223' title='bbox 2251 2754 2669 2823; x_wconf 76' lang='lat' dir='ltr'><strong>pfiichtmiifsige,</strong></span> 
     </span>
     <span class='ocr_line' id='line_1_26' title="bbox 205 2841 2671 2912; baseline 0 -16"><span class='ocrx_word' id='word_1_224' title='bbox 205 2842 539 2909; x_wconf 77' lang='lat' dir='ltr'><strong>bemchtigte</strong></span> <span class='ocrx_word' id='word_1_225' title='bbox 574 2841 651 2894; x_wconf 90' lang='lat' dir='ltr'><strong>ist</strong></span> <span class='ocrx_word' id='word_1_226' title='bbox 687 2841 899 2908; x_wconf 86' lang='lat' dir='ltr'><strong>(daraus</strong></span> <span class='ocrx_word' id='word_1_227' title='bbox 936 2841 1172 2906; x_wconf 78' lang='lat' dir='ltr'><strong>rendre).</strong></span> <span class='ocrx_word' id='word_1_228' title='bbox 1238 2842 1306 2896; x_wconf 87' lang='lat' dir='ltr'><strong>So</strong></span> <span class='ocrx_word' id='word_1_229' title='bbox 1342 2841 1460 2896; x_wconf 87' lang='lat' dir='ltr'><strong>Tac.</strong></span> <span class='ocrx_word' id='word_1_230' title='bbox 1492 2842 1629 2896; x_wconf 90' lang='lat' dir='ltr'><strong>Ann.</strong></span> <span class='ocrx_word' id='word_1_231' title='bbox 1659 2842 1704 2907; x_wconf 94' lang='lat' dir='ltr'><strong>I,</strong></span> <span class='ocrx_word' id='word_1_232' title='bbox 1731 2843 1831 2897; x_wconf 83' lang='lat'><strong>35:</strong></span> <span class='ocrx_word' id='word_1_233' title='bbox 1871 2842 2056 2908; x_wconf 86' lang='lat' dir='ltr'><strong>„fuere</strong></span> <span class='ocrx_word' id='word_1_234' title='bbox 2094 2842 2182 2912; x_wconf 89' lang='lat' dir='ltr'><strong>qui</strong></span> <span class='ocrx_word' id='word_1_235' title='bbox 2221 2843 2451 2910; x_wconf 85' lang='lat' dir='ltr'><strong>legatam</strong></span> <span class='ocrx_word' id='word_1_236' title='bbox 2487 2860 2519 2895; x_wconf 89' lang='lat' dir='ltr'><strong>a</strong></span> <span class='ocrx_word' id='word_1_237' title='bbox 2555 2842 2671 2896; x_wconf 88' lang='lat' dir='ltr'><strong>divo</strong></span> 
     </span>
     <span class='ocr_line' id='line_1_27' title="bbox 205 2929 2670 3000; baseline 0.001 -17"><span class='ocrx_word' id='word_1_238' title='bbox 205 2932 455 2999; x_wconf 82' lang='lat' dir='ltr'><strong>Augusto</strong></span> <span class='ocrx_word' id='word_1_239' title='bbox 502 2930 776 3000; x_wconf 88' lang='lat' dir='ltr'><strong>pecuniam</strong></span> <span class='ocrx_word' id='word_1_240' title='bbox 820 2931 1226 2998; x_wconf 76' lang='lat' dir='ltr'><strong>reposcerent“,</strong></span> <span class='ocrx_word' id='word_1_241' title='bbox 1281 2931 1398 2996; x_wconf 91' lang='lat' dir='ltr'><strong>„sie</strong></span> <span class='ocrx_word' id='word_1_242' title='bbox 1449 2931 1752 2998; x_wconf 86' lang='lat' dir='ltr'><strong>verlangten</strong></span> <span class='ocrx_word' id='word_1_243' title='bbox 1800 2931 1869 2984; x_wconf 86' lang='lat' dir='ltr'><strong>ih</strong></span> <span class='ocrx_word' id='word_1_244' title='bbox 1883 2947 1911 2983; x_wconf 92' lang='lat' dir='ltr'><strong>r</strong></span> <span class='ocrx_word' id='word_1_245' title='bbox 1957 2929 2131 2984; x_wconf 87' lang='lat' dir='ltr'><strong>Geld“</strong></span> <span class='ocrx_word' id='word_1_246' title='bbox 2172 2948 2222 2984; x_wconf 90' lang='lat' dir='ltr'><strong>u.</strong></span> <span class='ocrx_word' id='word_1_247' title='bbox 2262 2930 2353 2983; x_wconf 86' lang='lat' dir='ltr'><strong>oft.</strong></span> <span class='ocrx_word' id='word_1_248' title='bbox 2407 2961 2474 2969; x_wconf 91' lang='lat'>—</span> <span class='ocrx_word' id='word_1_249' title='bbox 2525 2932 2670 2998; x_wconf 78' lang='lat' dir='ltr'><strong>cum]</strong></span> 
     </span>
     <span class='ocr_line' id='line_1_28' title="bbox 206 3016 2673 3086; baseline -0 -14"><span class='ocrx_word' id='word_1_250' title='bbox 206 3020 279 3072; x_wconf 90' lang='lat' dir='ltr'><strong>im</strong></span> <span class='ocrx_word' id='word_1_251' title='bbox 317 3017 634 3086; x_wconf 52' lang='lat' dir='ltr'><strong>Gefflnsatz.</strong></span> <span class='ocrx_word' id='word_1_252' title='bbox 687 3047 754 3055; x_wconf 94' lang='lat'><strong>—</strong></span> <span class='ocrx_word' id='word_1_253' title='bbox 806 3017 1152 3085; x_wconf 80' lang='lat' dir='ltr'><strong>facultatem]</strong></span> <span class='ocrx_word' id='word_1_254' title='bbox 1204 3060 1235 3085; x_wconf 93' lang='lat'><strong>„</strong></span> <span class='ocrx_word' id='word_1_255' title='bbox 1248 3016 1649 3086; x_wconf 87' lang='lat' dir='ltr'><strong>Gelegenheit“‚</strong></span> <span class='ocrx_word' id='word_1_256' title='bbox 1699 3019 1811 3072; x_wconf 88' lang='lat' dir='ltr'><strong>weil</strong></span> <span class='ocrx_word' id='word_1_257' title='bbox 1848 3018 2061 3072; x_wconf 87' lang='lat' dir='ltr'><strong>Atticus</strong></span> <span class='ocrx_word' id='word_1_258' title='bbox 2095 3018 2280 3071; x_wconf 89' lang='lat' dir='ltr'><strong>immer</strong></span> <span class='ocrx_word' id='word_1_259' title='bbox 2314 3018 2415 3070; x_wconf 90' lang='lat' dir='ltr'><strong>mit</strong></span> <span class='ocrx_word' id='word_1_260' title='bbox 2450 3018 2582 3072; x_wconf 86' lang='lat' dir='ltr'><strong>Rom</strong></span> <span class='ocrx_word' id='word_1_261' title='bbox 2618 3019 2673 3071; x_wconf 90' lang='lat' dir='ltr'><strong>in</strong></span> 
     </span>
     <span class='ocr_line' id='line_1_29' title="bbox 206 3106 2479 3176; baseline 0 -18"><span class='ocrx_word' id='word_1_262' title='bbox 206 3107 557 3175; x_wconf 87' lang='lat' dir='ltr'><strong>Verbindung</strong></span> <span class='ocrx_word' id='word_1_263' title='bbox 593 3122 716 3172; x_wconf 89' lang='lat' dir='ltr'><strong>war,</strong></span> <span class='ocrx_word' id='word_1_264' title='bbox 756 3106 1000 3159; x_wconf 68' lang='lat' dir='ltr'><strong>wahrend</strong></span> <span class='ocrx_word' id='word_1_265' title='bbox 1037 3107 1151 3159; x_wconf 90' lang='lat' dir='ltr'><strong>eine</strong></span> <span class='ocrx_word' id='word_1_266' title='bbox 1189 3106 1363 3159; x_wconf 87' lang='lat' dir='ltr'><strong>solohe</strong></span> <span class='ocrx_word' id='word_1_267' title='bbox 1399 3107 1533 3160; x_wconf 86' lang='lat' dir='ltr'><strong>nach</strong></span> <span class='ocrx_word' id='word_1_268' title='bbox 1569 3106 1762 3176; x_wconf 86' lang='lat' dir='ltr'><strong>Epirus</strong></span> <span class='ocrx_word' id='word_1_269' title='bbox 1799 3106 1974 3161; x_wconf 90' lang='lat' dir='ltr'><strong>Cicero</strong></span> <span class='ocrx_word' id='word_1_270' title='bbox 2011 3106 2090 3159; x_wconf 90' lang='lat' dir='ltr'><strong>oft</strong></span> <span class='ocrx_word' id='word_1_271' title='bbox 2124 3106 2284 3159; x_wconf 86' lang='lat' dir='ltr'><strong>fehlte</strong></span> <span class='ocrx_word' id='word_1_272' title='bbox 2320 3107 2372 3174; x_wconf 67' lang='grc' dir='ltr'><strong>(ξ</strong></span> <span class='ocrx_word' id='word_1_273' title='bbox 2409 3106 2479 3171; x_wconf 89' lang='grc'><strong>3).</strong></span> 
     </span>
    </p>

    <p class='ocr_par' dir='ltr' id='par_1_7' title="bbox 210 3193 2676 3352">
     <span class='ocr_line' id='line_1_30' title="bbox 359 3193 2676 3264; baseline 0 -16"><span class='ocrx_word' id='word_1_274' title='bbox 359 3208 407 3248; x_wconf 74' lang='lat'><strong>5.</strong></span> <span class='ocrx_word' id='word_1_275' title='bbox 454 3194 527 3248; x_wconf 87' lang='lat' dir='ltr'><strong>Es</strong></span> <span class='ocrx_word' id='word_1_276' title='bbox 573 3193 797 3248; x_wconf 86' lang='lat' dir='ltr'><strong>handelt</strong></span> <span class='ocrx_word' id='word_1_277' title='bbox 834 3194 945 3248; x_wconf 89' lang='lat' dir='ltr'><strong>sich</strong></span> <span class='ocrx_word' id='word_1_278' title='bbox 982 3211 1070 3247; x_wconf 91' lang='lat' dir='ltr'><strong>um</strong></span> <span class='ocrx_word' id='word_1_279' title='bbox 1109 3194 1205 3247; x_wconf 89' lang='lat' dir='ltr'><strong>den</strong></span> <span class='ocrx_word' id='word_1_280' title='bbox 1245 3194 1361 3247; x_wconf 90' lang='lat' dir='ltr'><strong>hier</strong></span> <span class='ocrx_word' id='word_1_281' title='bbox 1396 3197 1769 3262; x_wconf 84' lang='lat' dir='ltr'><strong>ungeuaunten</strong></span> <span class='ocrx_word' id='word_1_282' title='bbox 1802 3195 1860 3248; x_wconf 91' lang='lat' dir='ltr'><strong>L.</strong></span> <span class='ocrx_word' id='word_1_283' title='bbox 1898 3194 2153 3260; x_wconf 89' lang='lat' dir='ltr'><strong>Lucilius,</strong></span> <span class='ocrx_word' id='word_1_284' title='bbox 2201 3194 2348 3247; x_wconf 91' lang='lat' dir='ltr'><strong>einen</strong></span> <span class='ocrx_word' id='word_1_285' title='bbox 2388 3193 2676 3264; x_wconf 81' lang='lat' dir='ltr'><strong>Giinstliug</strong></span> 
     </span>
     <span class='ocr_line' id='line_1_31' title="bbox 210 3282 2675 3352; baseline 0 -16"><span class='ocrx_word' id='word_1_286' title='bbox 210 3284 302 3337; x_wconf 90' lang='lat' dir='ltr'><strong>des</strong></span> <span class='ocrx_word' id='word_1_287' title='bbox 340 3282 649 3352; x_wconf 89' lang='lat' dir='ltr'><strong>Pompejus,</strong></span> <span class='ocrx_word' id='word_1_288' title='bbox 699 3283 793 3336; x_wconf 89' lang='lat' dir='ltr'><strong>der</strong></span> <span class='ocrx_word' id='word_1_289' title='bbox 839 3283 948 3336; x_wconf 88' lang='lat' dir='ltr'><strong>sich</strong></span> <span class='ocrx_word' id='word_1_290' title='bbox 995 3300 1094 3336; x_wconf 85' lang='lat' dir='ltr'><strong>von</strong></span> <span class='ocrx_word' id='word_1_291' title='bbox 1132 3283 1346 3336; x_wconf 88' lang='lat' dir='ltr'><strong>Atticus</strong></span> <span class='ocrx_word' id='word_1_292' title='bbox 1390 3283 1646 3351; x_wconf 88' lang='lat' dir='ltr'><strong>beleidigt</strong></span> <span class='ocrx_word' id='word_1_293' title='bbox 1681 3283 1850 3336; x_wconf 83' lang='lat' dir='ltr'><strong>fiihlte</strong></span> <span class='ocrx_word' id='word_1_294' title='bbox 1888 3282 1994 3335; x_wconf 89' lang='lat' dir='ltr'><strong>und</strong></span> <span class='ocrx_word' id='word_1_295' title='bbox 2031 3283 2184 3351; x_wconf 88' lang='lat' dir='ltr'><strong>lange</strong></span> <span class='ocrx_word' id='word_1_296' title='bbox 2220 3283 2358 3336; x_wconf 89' lang='lat' dir='ltr'><strong>allen</strong></span> <span class='ocrx_word' id='word_1_297' title='bbox 2392 3283 2675 3337; x_wconf 85' lang='lat' dir='ltr'><strong>Vermitte·</strong></span> 
     </span>
    </p>
   </div>
   <div class='ocr_carea' id='block_1_7' title="bbox 207 3370 2677 3615">
    <p class='ocr_par' dir='ltr' id='par_1_8' title="bbox 207 3370 2677 3615">
     <span class='ocr_line' id='line_1_32' title="bbox 207 3370 2672 3439; baseline 0 -15"><span class='ocrx_word' id='word_1_298' title='bbox 207 3371 662 3438; x_wconf 84' lang='lat' dir='ltr'><strong>lungeversuchen</strong></span> <span class='ocrx_word' id='word_1_299' title='bbox 689 3370 895 3424; x_wconf 85' lang='lat' dir='ltr'><strong>Ciceros</strong></span> <span class='ocrx_word' id='word_1_300' title='bbox 932 3371 1040 3424; x_wconf 89' lang='lat' dir='ltr'><strong>und</strong></span> <span class='ocrx_word' id='word_1_301' title='bbox 1076 3370 1295 3424; x_wconf 75' lang='lat' dir='ltr'><strong>andei-er</strong></span> <span class='ocrx_word' id='word_1_302' title='bbox 1329 3370 1664 3425; x_wconf 85' lang='lat' dir='ltr'><strong>widerstand.</strong></span> <span class='ocrx_word' id='word_1_303' title='bbox 1705 3401 1771 3410; x_wconf 89' lang='lat'>—</span> <span class='ocrx_word' id='word_1_304' title='bbox 1808 3371 2074 3439; x_wconf 67' lang='lat' dir='ltr'><strong>recolliqe]</strong></span> <span class='ocrx_word' id='word_1_305' title='bbox 2111 3395 2181 3415; x_wconf 78' lang='lat'><strong>==</strong></span> <span class='ocrx_word' id='word_1_306' title='bbox 2207 3372 2572 3426; x_wconf 80' lang='lat' dir='ltr'><strong>reconciliari.</strong></span> <span class='ocrx_word' id='word_1_307' title='bbox 2607 3402 2672 3409; x_wconf 93' lang='lat'>—</span> 
     </span>
     <span class='ocr_line' id='line_1_33' title="bbox 211 3458 2674 3529; baseline -0 -15"><span class='ocrx_word' id='word_1_308' title='bbox 211 3458 388 3529; x_wconf 82' lang='lat' dir='ltr'><strong>teneo]</strong></span> <span class='ocrx_word' id='word_1_309' title='bbox 426 3459 578 3526; x_wconf 86' lang='lat' dir='ltr'><strong>„fest</strong></span> <span class='ocrx_word' id='word_1_310' title='bbox 603 3459 803 3524; x_wconf 78' lang='lat' dir='ltr'><strong>baltea,</strong></span> <span class='ocrx_word' id='word_1_311' title='bbox 832 3459 1140 3512; x_wconf 86' lang='lat' dir='ltr'><strong>behalten“.</strong></span> <span class='ocrx_word' id='word_1_312' title='bbox 1180 3489 1248 3497; x_wconf 93' lang='lat'>—</span> <span class='ocrx_word' id='word_1_313' title='bbox 1285 3458 1425 3513; x_wconf 82' lang='lat' dir='ltr'><strong>miro</strong></span> <span class='ocrx_word' id='word_1_314' title='bbox 1462 3459 1698 3527; x_wconf 72' lang='lat' dir='ltr'><strong>quodam</strong></span> <span class='ocrx_word' id='word_1_315' title='bbox 1735 3458 1897 3513; x_wconf 82' lang='lat' dir='ltr'><strong>modo</strong></span> <span class='ocrx_word' id='word_1_316' title='bbox 1936 3458 2210 3526; x_wconf 78' lang='lat' dir='ltr'><strong>adfectus]</strong></span> <span class='ocrx_word' id='word_1_317' title='bbox 2250 3459 2346 3525; x_wconf 90' lang='lat' dir='ltr'><strong>„in</strong></span> <span class='ocrx_word' id='word_1_318' title='bbox 2374 3459 2517 3512; x_wconf 86' lang='lat' dir='ltr'><strong>einer</strong></span> <span class='ocrx_word' id='word_1_319' title='bbox 2542 3476 2674 3526; x_wconf 85' lang='lat' dir='ltr'><strong>ganz</strong></span> 
     </span>
     <span class='ocr_line' id='line_1_34' title="bbox 211 3546 2677 3615; baseline -0 -14"><span class='ocrx_word' id='word_1_320' title='bbox 211 3547 632 3615; x_wconf 83' lang='lat' dir='ltr'><strong>merkwiirdigen</strong></span> <span class='ocrx_word' id='word_1_321' title='bbox 669 3547 1029 3615; x_wconf 87' lang='lat' dir='ltr'><strong>Stimmung“.</strong></span> <span class='ocrx_word' id='word_1_322' title='bbox 1068 3578 1137 3585; x_wconf 90' lang='lat'><strong>—</strong></span> <span class='ocrx_word' id='word_1_323' title='bbox 1189 3546 1325 3615; x_wconf 76' lang='lat' dir='ltr'><strong>quid</strong></span> <span class='ocrx_word' id='word_1_324' title='bbox 1361 3552 1546 3600; x_wconf 78' lang='lat' dir='ltr'><strong>autem</strong></span> <span class='ocrx_word' id='word_1_325' title='bbox 1582 3547 1705 3613; x_wconf 90' lang='lat' dir='ltr'><strong>etc.]</strong></span> <span class='ocrx_word' id='word_1_326' title='bbox 1745 3546 1922 3602; x_wconf 89' lang='lat' dir='ltr'><strong>Cicero</strong></span> <span class='ocrx_word' id='word_1_327' title='bbox 1957 3547 2146 3614; x_wconf 88' lang='lat' dir='ltr'><strong>glaubt</strong></span> <span class='ocrx_word' id='word_1_328' title='bbox 2180 3550 2291 3600; x_wconf 88' lang='lat' dir='ltr'><strong>eret</strong></span> <span class='ocrx_word' id='word_1_329' title='bbox 2324 3546 2516 3599; x_wconf 67' lang='lat' dir='ltr'><strong>nabere</strong></span> <span class='ocrx_word' id='word_1_330' title='bbox 2551 3547 2677 3600; x_wconf 90' lang='lat' dir='ltr'><strong>Ver-</strong></span> 
     </span>
    </p>
   </div>
   <div class='ocr_carea' id='block_1_8' title="bbox 213 3633 2679 4409">
    <p class='ocr_par' dir='ltr' id='par_1_9' title="bbox 213 3633 2676 3791">
     <span class='ocr_line' id='line_1_35' title="bbox 213 3633 2676 3704; baseline -0 -15"><span class='ocrx_word' id='word_1_331' title='bbox 213 3635 790 3704; x_wconf 83' lang='lat' dir='ltr'><strong>haltungsmafsregeln</strong></span> <span class='ocrx_word' id='word_1_332' title='bbox 826 3635 955 3688; x_wconf 79' lang='lat' dir='ltr'><strong>iiber</strong></span> <span class='ocrx_word' id='word_1_333' title='bbox 991 3635 1111 3699; x_wconf 89' lang='lat' dir='ltr'><strong>das,</strong></span> <span class='ocrx_word' id='word_1_334' title='bbox 1152 3635 1351 3688; x_wconf 86' lang='lat' dir='ltr'><strong>worauf</strong></span> <span class='ocrx_word' id='word_1_335' title='bbox 1380 3651 1437 3687; x_wconf 89' lang='lat' dir='ltr'><strong>er</strong></span> <span class='ocrx_word' id='word_1_336' title='bbox 1473 3635 1693 3702; x_wconf 91' lang='lat' dir='ltr'><strong>dringen</strong></span> <span class='ocrx_word' id='word_1_337' title='bbox 1733 3636 1860 3688; x_wconf 90' lang='lat' dir='ltr'><strong>solle</strong></span> <span class='ocrx_word' id='word_1_338' title='bbox 1875 3677 1887 3698; x_wconf 92' lang='lat'><strong>,</strong></span> <span class='ocrx_word' id='word_1_339' title='bbox 1925 3651 2024 3687; x_wconf 85' lang='lat' dir='ltr'><strong>von</strong></span> <span class='ocrx_word' id='word_1_340' title='bbox 2061 3633 2273 3687; x_wconf 86' lang='lat' dir='ltr'><strong>Atticus</strong></span> <span class='ocrx_word' id='word_1_341' title='bbox 2310 3634 2575 3688; x_wconf 86' lang='lat' dir='ltr'><strong>abwarten</strong></span> <span class='ocrx_word' id='word_1_342' title='bbox 2614 3653 2676 3688; x_wconf 86' lang='lat' dir='ltr'><strong>zu</strong></span> 
     </span>
     <span class='ocr_line' id='line_1_36' title="bbox 214 3722 1763 3791; baseline 0 -14"><span class='ocrx_word' id='word_1_343' title='bbox 214 3729 443 3777; x_wconf 80' lang='lat' dir='ltr'><strong>miissen.</strong></span> <span class='ocrx_word' id='word_1_344' title='bbox 518 3722 595 3776; x_wconf 86' lang='lat' dir='ltr'><strong>Er</strong></span> <span class='ocrx_word' id='word_1_345' title='bbox 629 3723 738 3776; x_wconf 86' lang='lat' dir='ltr'><strong>will</strong></span> <span class='ocrx_word' id='word_1_346' title='bbox 775 3723 887 3776; x_wconf 88' lang='lat' dir='ltr'><strong>sich</strong></span> <span class='ocrx_word' id='word_1_347' title='bbox 922 3723 1245 3776; x_wconf 82' lang='lat' dir='ltr'><strong>einstweilen</strong></span> <span class='ocrx_word' id='word_1_348' title='bbox 1282 3722 1457 3775; x_wconf 87' lang='lat' dir='ltr'><strong>niehts</strong></span> <span class='ocrx_word' id='word_1_349' title='bbox 1492 3724 1763 3791; x_wconf 88' lang='lat' dir='ltr'><strong>vergeben.</strong></span> 
     </span>
    </p>

    <p class='ocr_par' dir='ltr' id='par_1_10' title="bbox 218 3810 2678 4232">
     <span class='ocr_line' id='line_1_37' title="bbox 363 3810 2676 3880; baseline 0 -15"><span class='ocrx_word' id='word_1_350' title='bbox 363 3824 410 3865; x_wconf 78' lang='lat'><strong>6.</strong></span> <span class='ocrx_word' id='word_1_351' title='bbox 462 3812 839 3879; x_wconf 74' lang='lat' dir='ltr'><strong>laboraretur]</strong></span> <span class='ocrx_word' id='word_1_352' title='bbox 878 3828 978 3878; x_wconf 89' lang='lat' dir='ltr'><strong>„es</strong></span> <span class='ocrx_word' id='word_1_353' title='bbox 1013 3810 1226 3864; x_wconf 81' lang='lat' dir='ltr'><strong>bediirfe</strong></span> <span class='ocrx_word' id='word_1_354' title='bbox 1263 3811 1441 3864; x_wconf 88' lang='lat' dir='ltr'><strong>keiuer</strong></span> <span class='ocrx_word' id='word_1_355' title='bbox 1478 3812 1720 3864; x_wconf 87' lang='lat' dir='ltr'><strong>weiteren</strong></span> <span class='ocrx_word' id='word_1_356' title='bbox 1758 3810 2192 3878; x_wconf 83' lang='lat' dir='ltr'><strong>Anstrengung“.</strong></span> <span class='ocrx_word' id='word_1_357' title='bbox 2234 3840 2300 3848; x_wconf 91' lang='lat'>—</span> <span class='ocrx_word' id='word_1_358' title='bbox 2337 3827 2448 3864; x_wconf 76' lang='lat' dir='ltr'><strong>usu</strong></span> <span class='ocrx_word' id='word_1_359' title='bbox 2484 3811 2676 3880; x_wconf 78' lang='lat' dir='ltr'><strong>capta]</strong></span> 
     </span>
     <span class='ocr_line' id='line_1_38' title="bbox 218 3898 2677 3969; baseline -0 -16"><span class='ocrx_word' id='word_1_360' title='bbox 218 3901 298 3953; x_wconf 91' lang='lat' dir='ltr'><strong>ein</strong></span> <span class='ocrx_word' id='word_1_361' title='bbox 333 3899 678 3969; x_wconf 85' lang='lat' dir='ltr'><strong>juristischer</strong></span> <span class='ocrx_word' id='word_1_362' title='bbox 713 3899 990 3953; x_wconf 82' lang='lat' dir='ltr'><strong>Ausdruck</strong></span> <span class='ocrx_word' id='word_1_363' title='bbox 1025 3899 1110 3952; x_wconf 77' lang='lat' dir='ltr'><strong>fiir</strong></span> <span class='ocrx_word' id='word_1_364' title='bbox 1144 3899 1512 3952; x_wconf 88' lang='lat' dir='ltr'><strong>Besitznahme</strong></span> <span class='ocrx_word' id='word_1_365' title='bbox 1548 3899 1714 3952; x_wconf 87' lang='lat' dir='ltr'><strong>durch</strong></span> <span class='ocrx_word' id='word_1_366' title='bbox 1754 3898 2110 3967; x_wconf 67' lang='lat' dir='ltr'><strong>Vel-jahrung,</strong></span> <span class='ocrx_word' id='word_1_367' title='bbox 2149 3898 2199 3952; x_wconf 90' lang='lat' dir='ltr'><strong>d.</strong></span> <span class='ocrx_word' id='word_1_368' title='bbox 2237 3899 2290 3953; x_wconf 91' lang='grc'><strong>11.</strong></span> <span class='ocrx_word' id='word_1_369' title='bbox 2328 3899 2493 3951; x_wconf 89' lang='lat' dir='ltr'><strong>durch</strong></span> <span class='ocrx_word' id='word_1_370' title='bbox 2528 3899 2677 3952; x_wconf 89' lang='lat' dir='ltr'><strong>einen</strong></span> 
     </span>
     <span class='ocr_line' id='line_1_39' title="bbox 220 3986 2677 4056; baseline -0.001 -14"><span class='ocrx_word' id='word_1_371' title='bbox 220 3988 522 4042; x_wconf 88' lang='lat' dir='ltr'><strong>dauernden</strong></span> <span class='ocrx_word' id='word_1_372' title='bbox 573 3986 850 4041; x_wconf 84' lang='lat' dir='ltr'><strong>Gebrauch</strong></span> <span class='ocrx_word' id='word_1_373' title='bbox 896 3987 1041 4040; x_wconf 89' lang='lat' dir='ltr'><strong>einer</strong></span> <span class='ocrx_word' id='word_1_374' title='bbox 1088 3986 1251 4040; x_wconf 87' lang='lat' dir='ltr'><strong>Sache</strong></span> <span class='ocrx_word' id='word_1_375' title='bbox 1300 3987 1433 4041; x_wconf 90' lang='lat' dir='ltr'><strong>ohne</strong></span> <span class='ocrx_word' id='word_1_376' title='bbox 1480 3986 1774 4056; x_wconf 85' lang='lat' dir='ltr'><strong>Einspruch</strong></span> <span class='ocrx_word' id='word_1_377' title='bbox 1822 4003 1921 4040; x_wconf 85' lang='lat' dir='ltr'><strong>von</strong></span> <span class='ocrx_word' id='word_1_378' title='bbox 1970 3987 2189 4040; x_wconf 88' lang='lat' dir='ltr'><strong>anderer</strong></span> <span class='ocrx_word' id='word_1_379' title='bbox 2236 3987 2392 4040; x_wconf 87' lang='lat' dir='ltr'><strong>Seite.</strong></span> <span class='ocrx_word' id='word_1_380' title='bbox 2465 3987 2677 4040; x_wconf 83' lang='lat' dir='ltr'><strong>Atticus</strong></span> 
     </span>
     <span class='ocr_line' id='line_1_40' title="bbox 220 4074 2678 4143; baseline -0 -15"><span class='ocrx_word' id='word_1_381' title='bbox 220 4076 372 4130; x_wconf 80' lang='lat' dir='ltr'><strong>hatte</strong></span> <span class='ocrx_word' id='word_1_382' title='bbox 407 4076 610 4129; x_wconf 89' lang='lat' dir='ltr'><strong>hierbei</strong></span> <span class='ocrx_word' id='word_1_383' title='bbox 645 4076 795 4129; x_wconf 88' lang='lat' dir='ltr'><strong>nicht</strong></span> <span class='ocrx_word' id='word_1_384' title='bbox 831 4075 1262 4143; x_wconf 79' lang='lat' dir='ltr'><strong>berficksichtigt,</strong></span> <span class='ocrx_word' id='word_1_385' title='bbox 1302 4075 1418 4128; x_wconf 81' lang='lat' dir='ltr'><strong>dass</strong></span> <span class='ocrx_word' id='word_1_386' title='bbox 1455 4075 1539 4128; x_wconf 92' lang='lat' dir='ltr'><strong>die</strong></span> <span class='ocrx_word' id='word_1_387' title='bbox 1575 4074 1910 4143; x_wconf 72' lang='lat' dir='ltr'><strong>Verjahrung</strong></span> <span class='ocrx_word' id='word_1_388' title='bbox 1947 4077 2029 4128; x_wconf 78' lang='lat' dir='ltr'><strong>fiir</strong></span> <span class='ocrx_word' id='word_1_389' title='bbox 2065 4075 2557 4141; x_wconf 71' lang='lat' dir='ltr'><strong>Personliehkeiten,</strong></span> <span class='ocrx_word' id='word_1_390' title='bbox 2595 4074 2678 4127; x_wconf 90' lang='lat' dir='ltr'><strong>die</strong></span> 
     </span>
     <span class='ocr_line' id='line_1_41' title="bbox 222 4164 1727 4232; baseline 0 -16"><span class='ocrx_word' id='word_1_391' title='bbox 222 4167 379 4218; x_wconf 80' lang='lat' dir='ltr'><strong>unter</strong></span> <span class='ocrx_word' id='word_1_392' title='bbox 414 4164 760 4232; x_wconf 81' lang='lat' dir='ltr'><strong>gesetzlicher</strong></span> <span class='ocrx_word' id='word_1_393' title='bbox 794 4164 1241 4217; x_wconf 85' lang='lat' dir='ltr'><strong>Vormundschaft</strong></span> <span class='ocrx_word' id='word_1_394' title='bbox 1277 4164 1516 4229; x_wconf 83' lang='lat' dir='ltr'><strong>standon,</strong></span> <span class='ocrx_word' id='word_1_395' title='bbox 1556 4164 1727 4217; x_wconf 87' lang='lat' dir='ltr'><strong>ruhte.</strong></span> 
     </span>
    </p>

    <p class='ocr_par' dir='ltr' id='par_1_11' title="bbox 222 4249 2679 4409">
     <span class='ocr_line' id='line_1_42' title="bbox 370 4249 2677 4320; baseline -0.002 -15"><span class='ocrx_word' id='word_1_396' title='bbox 370 4266 416 4306; x_wconf 83' lang='lat'><strong>7.</strong></span> <span class='ocrx_word' id='word_1_397' title='bbox 456 4252 808 4320; x_wconf 71' lang='lat' dir='ltr'><strong>Epiroticam</strong></span> <span class='ocrx_word' id='word_1_398' title='bbox 844 4252 1189 4320; x_wconf 72' lang='lat' dir='ltr'><strong>emptionem]</strong></span> <span class='ocrx_word' id='word_1_399' title='bbox 1227 4252 1440 4305; x_wconf 88' lang='lat' dir='ltr'><strong>Atticus</strong></span> <span class='ocrx_word' id='word_1_400' title='bbox 1477 4251 1629 4304; x_wconf 88' lang='lat' dir='ltr'><strong>hatte</strong></span> <span class='ocrx_word' id='word_1_401' title='bbox 1664 4251 1856 4319; x_wconf 87' lang='lat' dir='ltr'><strong>gerade</strong></span> <span class='ocrx_word' id='word_1_402' title='bbox 1893 4252 2003 4304; x_wconf 91' lang='lat' dir='ltr'><strong>sein</strong></span> <span class='ocrx_word' id='word_1_403' title='bbox 2041 4251 2311 4305; x_wconf 69' lang='lat' dir='ltr'><strong>schonstes</strong></span> <span class='ocrx_word' id='word_1_404' title='bbox 2340 4249 2452 4305; x_wconf 86' lang='lat' dir='ltr'><strong>Gut</strong></span> <span class='ocrx_word' id='word_1_405' title='bbox 2485 4251 2541 4302; x_wconf 90' lang='lat' dir='ltr'><strong>in</strong></span> <span class='ocrx_word' id='word_1_406' title='bbox 2575 4249 2677 4302; x_wconf 91' lang='lat' dir='ltr'><strong>Bu·</strong></span> 
     </span>
     <span class='ocr_line' id='line_1_43' title="bbox 222 4338 2679 4409; baseline -0.002 -16"><span class='ocrx_word' id='word_1_407' title='bbox 222 4342 462 4395; x_wconf 86' lang='lat' dir='ltr'><strong>throtum</strong></span> <span class='ocrx_word' id='word_1_408' title='bbox 477 4384 490 4408; x_wconf 92' lang='lat'><strong>,</strong></span> <span class='ocrx_word' id='word_1_409' title='bbox 541 4341 683 4395; x_wconf 89' lang='lat' dir='ltr'><strong>einer</strong></span> <span class='ocrx_word' id='word_1_410' title='bbox 729 4341 1044 4409; x_wconf 85' lang='lat' dir='ltr'><strong>befestigten</strong></span> <span class='ocrx_word' id='word_1_411' title='bbox 1082 4339 1369 4393; x_wconf 68' lang='lat' dir='ltr'><strong>romischen</strong></span> <span class='ocrx_word' id='word_1_412' title='bbox 1407 4338 1627 4393; x_wconf 89' lang='lat' dir='ltr'><strong>Kolonie</strong></span> <span class='ocrx_word' id='word_1_413' title='bbox 1665 4339 1889 4407; x_wconf 87' lang='lat' dir='ltr'><strong>Corcyra</strong></span> <span class='ocrx_word' id='word_1_414' title='bbox 1923 4339 2219 4407; x_wconf 79' lang='lat' dir='ltr'><strong>gegeniiber</strong></span> <span class='ocrx_word' id='word_1_415' title='bbox 2232 4382 2245 4405; x_wconf 94' lang='lat'><strong>,</strong></span> <span class='ocrx_word' id='word_1_416' title='bbox 2293 4338 2570 4393; x_wconf 90' lang='lat' dir='ltr'><strong>erworbeu.</strong></span> <span class='ocrx_word' id='word_1_417' title='bbox 2608 4370 2679 4380; x_wconf 89' lang='lat'>-</span> 
     </span>
    </p>
   </div>
  </div>
 </body>
</html>
