<?xml version="1.0" encoding="UTF-8"?>
<!DOCTYPE html PUBLIC "-//W3C//DTD XHTML 1.0 Transitional//EN"
    "http://www.w3.org/TR/xhtml1/DTD/xhtml1-transitional.dtd">
<html xmlns="http://www.w3.org/1999/xhtml" xml:lang="en" lang="en">
 <head>
  <title>
</title>
<meta http-equiv="Content-Type" content="text/html;charset=utf-8" />
  <meta name='ocr-system' content='tesseract 3.04.00' />
  <meta name='ocr-capabilities' content='ocr_page ocr_carea ocr_par ocr_line ocrx_word'/>
</head>
<body>
  <div class='ocr_page' id='page_1' title='image "./epistulaeselect01dettgoog_0164.png"; bbox 0 0 3146 4826; ppageno 0'>
   <div class='ocr_carea' id='block_1_1' title="bbox 485 322 2263 393">
    <p class='ocr_par' dir='ltr' id='par_1_1' title="bbox 485 322 2263 393">
     <span class='ocr_line' id='line_1_1' title="bbox 485 322 2263 393; baseline -0.004 -11"><span class='ocrx_word' id='word_1_1' title='bbox 485 322 592 384; x_wconf 77' lang='lat'><strong>15⁰</strong></span> <span class='ocrx_word' id='word_1_2' title='bbox 1172 323 1433 378; x_wconf 75' lang='lat' dir='ltr'>Ciceronis</span> <span class='ocrx_word' id='word_1_3' title='bbox 1468 324 1726 393; x_wconf 84' lang='lat' dir='ltr'><strong>epistulae</strong></span> <span class='ocrx_word' id='word_1_4' title='bbox 1763 324 1986 377; x_wconf 78' lang='lat' dir='ltr'><strong>selectae</strong></span> <span class='ocrx_word' id='word_1_5' title='bbox 2023 322 2263 376; x_wconf 88' lang='lat' dir='ltr'>XXXVI.</span> 
     </span>
    </p>
   </div>
   <div class='ocr_carea' id='block_1_2' title="bbox 428 482 2943 2159">
    <p class='ocr_par' dir='ltr' id='par_1_2' title="bbox 484 482 2928 673">
     <span class='ocr_line' id='line_1_2' title="bbox 486 482 2928 566; baseline -0.002 -17"><span class='ocrx_word' id='word_1_6' title='bbox 486 487 783 551; x_wconf 91' lang='lat' dir='ltr'><strong>senatum</strong></span> <span class='ocrx_word' id='word_1_7' title='bbox 814 485 1052 548; x_wconf 88' lang='lat' dir='ltr'><strong>Romae</strong></span> <span class='ocrx_word' id='word_1_8' title='bbox 1086 484 1468 566; x_wconf 88' lang='lat' dir='ltr'><strong>legerentur,</strong></span> <span class='ocrx_word' id='word_1_9' title='bbox 1510 502 1636 561; x_wconf 79' lang='lat' dir='ltr'><strong>eoS‚</strong></span> <span class='ocrx_word' id='word_1_10' title='bbox 1669 484 1779 566; x_wconf 87' lang='lat' dir='ltr'><strong>qui</strong></span> <span class='ocrx_word' id='word_1_11' title='bbox 1811 484 2152 565; x_wconf 89' lang='lat' dir='ltr'><strong>aliquando</strong></span> <span class='ocrx_word' id='word_1_12' title='bbox 2183 484 2589 566; x_wconf 89' lang='lat' dir='ltr'><strong>praeconium</strong></span> <span class='ocrx_word' id='word_1_13' title='bbox 2618 482 2928 558; x_wconf 80' lang='lat' dir='ltr'><strong>fecissent,</strong></span> 
     </span>
     <span class='ocr_line' id='line_1_3' title="bbox 484 590 1991 673; baseline -0.001 -19"><span class='ocrx_word' id='word_1_14' title='bbox 484 591 551 655; x_wconf 92' lang='lat' dir='ltr'><strong>in</strong></span> <span class='ocrx_word' id='word_1_15' title='bbox 596 590 961 673; x_wconf 90' lang='lat' dir='ltr'><strong>municipiis</strong></span> <span class='ocrx_word' id='word_1_16' title='bbox 1011 590 1379 655; x_wconf 77' lang='lat' dir='ltr'><strong>decuriones</strong></span> <span class='ocrx_word' id='word_1_17' title='bbox 1428 608 1566 655; x_wconf 89' lang='lat' dir='ltr'><strong>esse</strong></span> <span class='ocrx_word' id='word_1_18' title='bbox 1613 609 1738 655; x_wconf 93' lang='lat' dir='ltr'><strong>non</strong></span> <span class='ocrx_word' id='word_1_19' title='bbox 1786 591 1991 655; x_wconf 90' lang='lat' dir='ltr'><strong>licere.</strong></span> 
     </span>
    </p>

    <p class='ocr_par' dir='ltr' id='par_1_3' title="bbox 433 693 2937 1418">
     <span class='ocr_line' id='line_1_4' title="bbox 433 693 2930 779; baseline -0.001 -21"><span class='ocrx_word' id='word_1_20' title='bbox 433 717 458 758; x_wconf 88' lang='lat'><strong>2</strong></span> <span class='ocrx_word' id='word_1_21' title='bbox 662 697 759 762; x_wconf 89' lang='lat' dir='ltr'><strong>De</strong></span> <span class='ocrx_word' id='word_1_22' title='bbox 813 696 1210 779; x_wconf 88' lang='lat' dir='ltr'><strong>Hispaniis</strong></span> <span class='ocrx_word' id='word_1_23' title='bbox 1265 696 1412 760; x_wconf 86' lang='lat' dir='ltr'><strong>novi</strong></span> <span class='ocrx_word' id='word_1_24' title='bbox 1464 696 1655 760; x_wconf 86' lang='lat' dir='ltr'>nihil:</span> <span class='ocrx_word' id='word_1_25' title='bbox 1716 713 2024 779; x_wconf 84' lang='lat' dir='ltr'><strong>magnum</strong></span> <span class='ocrx_word' id='word_1_26' title='bbox 2078 698 2296 760; x_wconf 88' lang='lat' dir='ltr'><strong>tamen</strong></span> <span class='ocrx_word' id='word_1_27' title='bbox 2353 695 2699 759; x_wconf 85' lang='lat' dir='ltr'><strong>exercitum</strong></span> <span class='ocrx_word' id='word_1_28' title='bbox 2753 693 2930 757; x_wconf 93' lang='lat' dir='ltr'><strong>Pom-</strong></span> 
     </span>
     <span class='ocr_line' id='line_1_5' title="bbox 484 800 2931 887; baseline -0.003 -18"><span class='ocrx_word' id='word_1_29' title='bbox 484 804 702 887; x_wconf 92' lang='lat' dir='ltr'><strong>peium</strong></span> <span class='ocrx_word' id='word_1_30' title='bbox 745 804 979 868; x_wconf 91' lang='lat' dir='ltr'><strong>habere</strong></span> <span class='ocrx_word' id='word_1_31' title='bbox 1026 804 1307 879; x_wconf 88' lang='lat' dir='ltr'><strong>constat;</strong></span> <span class='ocrx_word' id='word_1_32' title='bbox 1363 821 1516 867; x_wconf 91' lang='lat' dir='ltr'><strong>nam</strong></span> <span class='ocrx_word' id='word_1_33' title='bbox 1563 802 1799 868; x_wconf 89' lang='lat' dir='ltr'><strong>Caesar</strong></span> <span class='ocrx_word' id='word_1_34' title='bbox 1853 802 1989 885; x_wconf 90' lang='lat' dir='ltr'><strong>ipse</strong></span> <span class='ocrx_word' id='word_1_35' title='bbox 2037 802 2117 866; x_wconf 90' lang='lat' dir='ltr'><strong>ad</strong></span> <span class='ocrx_word' id='word_1_36' title='bbox 2165 819 2313 866; x_wconf 91' lang='lat' dir='ltr'><strong>suos</strong></span> <span class='ocrx_word' id='word_1_37' title='bbox 2358 800 2537 865; x_wconf 88' lang='lat' dir='ltr'><strong>misit</strong></span> <span class='ocrx_word' id='word_1_38' title='bbox 2582 800 2931 882; x_wconf 82' lang='lat' dir='ltr'><strong>exemplum</strong></span> 
     </span>
     <span class='ocr_line' id='line_1_6' title="bbox 485 905 2932 991; baseline -0.002 -18"><span class='ocrx_word' id='word_1_39' title='bbox 485 909 773 974; x_wconf 78' lang='lat' dir='ltr'><strong>Paciaeci</strong></span> <span class='ocrx_word' id='word_1_40' title='bbox 817 909 1200 986; x_wconf 88' lang='lat' dir='ltr'><strong>litterarum,</strong></span> <span class='ocrx_word' id='word_1_41' title='bbox 1244 909 1312 972; x_wconf 90' lang='lat' dir='ltr'><strong>in</strong></span> <span class='ocrx_word' id='word_1_42' title='bbox 1360 927 1484 991; x_wconf 86' lang='lat' dir='ltr'><strong>quo</strong></span> <span class='ocrx_word' id='word_1_43' title='bbox 1532 910 1687 986; x_wconf 90' lang='lat' dir='ltr'><strong>erat,</strong></span> <span class='ocrx_word' id='word_1_44' title='bbox 1733 909 1879 973; x_wconf 85' lang='lat' dir='ltr'><strong>illas</strong></span> <span class='ocrx_word' id='word_1_45' title='bbox 1920 928 1989 970; x_wconf 80' lang='lat' dir='ltr'><strong>xl</strong></span> <span class='ocrx_word' id='word_1_46' title='bbox 2032 926 2171 972; x_wconf 90' lang='lat' dir='ltr'><strong>esse</strong></span> <span class='ocrx_word' id='word_1_47' title='bbox 2211 906 2507 988; x_wconf 85' lang='lat' dir='ltr'><strong>legiones.</strong></span> <span class='ocrx_word' id='word_1_48' title='bbox 2585 905 2932 988; x_wconf 88' lang='lat' dir='ltr'><strong>Scripserat</strong></span> 
     </span>
     <span class='ocr_line' id='line_1_7' title="bbox 490 1012 2934 1094; baseline -0.002 -14"><span class='ocrx_word' id='word_1_49' title='bbox 490 1016 685 1081; x_wconf 90' lang='lat' dir='ltr'><strong>etiam</strong></span> <span class='ocrx_word' id='word_1_50' title='bbox 728 1016 1034 1080; x_wconf 82' lang='lat' dir='ltr'><strong>Messalla</strong></span> <span class='ocrx_word' id='word_1_51' title='bbox 1081 1014 1154 1094; x_wconf 85' lang='lat' dir='ltr'><strong>Q.</strong></span> <span class='ocrx_word' id='word_1_52' title='bbox 1189 1014 1446 1079; x_wconf 82' lang='lat' dir='ltr'><strong>Salasso</strong></span> <span class='ocrx_word' id='word_1_53' title='bbox 1476 1014 1547 1078; x_wconf 90' lang='lat' dir='ltr'><strong>P.</strong></span> <span class='ocrx_word' id='word_1_54' title='bbox 1581 1013 1895 1091; x_wconf 79' lang='lat' dir='ltr'>Curtium,</span> <span class='ocrx_word' id='word_1_55' title='bbox 1940 1013 2207 1078; x_wconf 90' lang='lat' dir='ltr'><strong>fratrem</strong></span> <span class='ocrx_word' id='word_1_56' title='bbox 2254 1014 2409 1090; x_wconf 79' lang='lat' dir='ltr'><strong>eiuS,</strong></span> <span class='ocrx_word' id='word_1_57' title='bbox 2453 1013 2634 1077; x_wconf 91' lang='lat' dir='ltr'><strong>iussu</strong></span> <span class='ocrx_word' id='word_1_58' title='bbox 2681 1012 2934 1094; x_wconf 89' lang='lat' dir='ltr'><strong>Pompei</strong></span> 
     </span>
     <span class='ocr_line' id='line_1_8' title="bbox 487 1118 2936 1205; baseline -0.002 -18"><span class='ocrx_word' id='word_1_59' title='bbox 487 1123 888 1205; x_wconf 78' lang='lat' dir='ltr'><strong>inspectante</strong></span> <span class='ocrx_word' id='word_1_60' title='bbox 937 1121 1215 1186; x_wconf 87' lang='lat' dir='ltr'><strong>exercitu</strong></span> <span class='ocrx_word' id='word_1_61' title='bbox 1259 1120 1695 1198; x_wconf 90' lang='lat' dir='ltr'><strong>interfectum,</strong></span> <span class='ocrx_word' id='word_1_62' title='bbox 1753 1121 1922 1203; x_wconf 91' lang='lat' dir='ltr'><strong>quod</strong></span> <span class='ocrx_word' id='word_1_63' title='bbox 1971 1119 2397 1185; x_wconf 77' lang='lat' dir='ltr'><strong>consensisset</strong></span> <span class='ocrx_word' id='word_1_64' title='bbox 2451 1138 2597 1184; x_wconf 92' lang='lat' dir='ltr'><strong>cum</strong></span> <span class='ocrx_word' id='word_1_65' title='bbox 2640 1118 2936 1201; x_wconf 88' lang='lat' dir='ltr'><strong>Hispanis</strong></span> 
     </span>
     <span class='ocr_line' id='line_1_9' title="bbox 485 1224 2937 1311; baseline -0.002 -19"><span class='ocrx_word' id='word_1_66' title='bbox 485 1228 887 1310; x_wconf 86' lang='lat' dir='ltr'><strong>quibusdam,</strong></span> <span class='ocrx_word' id='word_1_67' title='bbox 935 1228 991 1291; x_wconf 93' lang='lat' dir='ltr'><strong>si</strong></span> <span class='ocrx_word' id='word_1_68' title='bbox 1035 1228 1102 1291; x_wconf 91' lang='lat' dir='ltr'><strong>in</strong></span> <span class='ocrx_word' id='word_1_69' title='bbox 1148 1227 1451 1311; x_wconf 92' lang='lat' dir='ltr'><strong>oppidum</strong></span> <span class='ocrx_word' id='word_1_70' title='bbox 1495 1228 1707 1292; x_wconf 87' lang='lat' dir='ltr'><strong>nescio</strong></span> <span class='ocrx_word' id='word_1_71' title='bbox 1756 1227 1925 1309; x_wconf 90' lang='lat' dir='ltr'><strong>quod</strong></span> <span class='ocrx_word' id='word_1_72' title='bbox 1965 1226 2307 1310; x_wconf 91' lang='lat' dir='ltr'><strong>Pompeius</strong></span> <span class='ocrx_word' id='word_1_73' title='bbox 2354 1225 2446 1290; x_wconf 90' lang='lat' dir='ltr'><strong>rei</strong></span> <span class='ocrx_word' id='word_1_74' title='bbox 2490 1224 2937 1289; x_wconf 88' lang='lat' dir='ltr'><strong>frumentariae</strong></span> 
     </span>
     <span class='ocr_line' id='line_1_10' title="bbox 485 1332 2805 1418; baseline -0.001 -21"><span class='ocrx_word' id='word_1_75' title='bbox 485 1351 679 1398; x_wconf 90' lang='lat' dir='ltr'><strong>causa</strong></span> <span class='ocrx_word' id='word_1_76' title='bbox 723 1333 1020 1410; x_wconf 79' lang='lat' dir='ltr'><strong>venisset,</strong></span> <span class='ocrx_word' id='word_1_77' title='bbox 1067 1352 1215 1398; x_wconf 92' lang='lat' dir='ltr'><strong>eum</strong></span> <span class='ocrx_word' id='word_1_78' title='bbox 1260 1333 1789 1418; x_wconf 84' lang='lat' dir='ltr'><strong>comprehendere</strong></span> <span class='ocrx_word' id='word_1_79' title='bbox 1837 1333 1917 1398; x_wconf 91' lang='lat' dir='ltr'><strong>ad</strong></span> <span class='ocrx_word' id='word_1_80' title='bbox 1965 1333 2429 1414; x_wconf 86' lang='lat' dir='ltr'><strong>Caesaremque</strong></span> <span class='ocrx_word' id='word_1_81' title='bbox 2476 1332 2805 1397; x_wconf 87' lang='lat' dir='ltr'><strong>deducere.</strong></span> 
     </span>
    </p>

    <p class='ocr_par' dir='ltr' id='par_1_4' title="bbox 434 1438 2943 1825">
     <span class='ocr_line' id='line_1_11' title="bbox 434 1438 2940 1523; baseline 0 -23"><span class='ocrx_word' id='word_1_82' title='bbox 434 1460 459 1500; x_wconf 77' lang='lat' dir='ltr'><strong>a</strong></span> <span class='ocrx_word' id='word_1_83' title='bbox 662 1440 758 1504; x_wconf 92' lang='lat' dir='ltr'><strong>De</strong></span> <span class='ocrx_word' id='word_1_84' title='bbox 806 1442 918 1505; x_wconf 91' lang='lat' dir='ltr'><strong>tuo</strong></span> <span class='ocrx_word' id='word_1_85' title='bbox 964 1440 1243 1521; x_wconf 85' lang='lat' dir='ltr'><strong>negoti0‚</strong></span> <span class='ocrx_word' id='word_1_86' title='bbox 1301 1440 1469 1521; x_wconf 90' lang='lat' dir='ltr'><strong>quod</strong></span> <span class='ocrx_word' id='word_1_87' title='bbox 1526 1459 1841 1523; x_wconf 88' lang='lat' dir='ltr'><strong>sponsor</strong></span> <span class='ocrx_word' id='word_1_88' title='bbox 1897 1458 1972 1505; x_wconf 92' lang='lat' dir='ltr'><strong>es</strong></span> <span class='ocrx_word' id='word_1_89' title='bbox 2030 1459 2160 1523; x_wconf 90' lang='lat' dir='ltr'><strong>pro</strong></span> <span class='ocrx_word' id='word_1_90' title='bbox 2205 1439 2585 1523; x_wconf 88' lang='lat' dir='ltr'><strong>Pompeio,</strong></span> <span class='ocrx_word' id='word_1_91' title='bbox 2640 1439 2697 1503; x_wconf 88' lang='lat' dir='ltr'><strong>si</strong></span> <span class='ocrx_word' id='word_1_92' title='bbox 2747 1438 2940 1504; x_wconf 86' lang='lat' dir='ltr'><strong>Galba</strong></span> 
     </span>
     <span class='ocr_line' id='line_1_12' title="bbox 485 1545 2943 1629; baseline -0.001 -18"><span class='ocrx_word' id='word_1_93' title='bbox 485 1565 870 1629; x_wconf 88' lang='lat' dir='ltr'><strong>consponsor</strong></span> <span class='ocrx_word' id='word_1_94' title='bbox 902 1549 1055 1611; x_wconf 90' lang='lat' dir='ltr'><strong>tuus</strong></span> <span class='ocrx_word' id='word_1_95' title='bbox 1088 1547 1364 1624; x_wconf 90' lang='lat' dir='ltr'><strong>redierit,</strong></span> <span class='ocrx_word' id='word_1_96' title='bbox 1409 1548 1599 1612; x_wconf 94' lang='lat' dir='ltr'><strong>homo</strong></span> <span class='ocrx_word' id='word_1_97' title='bbox 1644 1548 1710 1611; x_wconf 93' lang='lat' dir='ltr'><strong>in</strong></span> <span class='ocrx_word' id='word_1_98' title='bbox 1757 1566 1824 1612; x_wconf 90' lang='lat' dir='ltr'><strong>re</strong></span> <span class='ocrx_word' id='word_1_99' title='bbox 1871 1546 2172 1611; x_wconf 87' lang='lat' dir='ltr'><strong>familiari</strong></span> <span class='ocrx_word' id='word_1_100' title='bbox 2215 1565 2342 1610; x_wconf 91' lang='lat' dir='ltr'><strong>non</strong></span> <span class='ocrx_word' id='word_1_101' title='bbox 2381 1564 2611 1629; x_wconf 89' lang='lat' dir='ltr'><strong>parum</strong></span> <span class='ocrx_word' id='word_1_102' title='bbox 2657 1545 2943 1627; x_wconf 79' lang='lat' dir='ltr'><strong>diligenS‚</strong></span> 
     </span>
     <span class='ocr_line' id='line_1_13' title="bbox 482 1652 2940 1735; baseline -0.001 -18"><span class='ocrx_word' id='word_1_103' title='bbox 482 1672 609 1717; x_wconf 94' lang='lat' dir='ltr'><strong>non</strong></span> <span class='ocrx_word' id='word_1_104' title='bbox 656 1653 946 1718; x_wconf 90' lang='lat' dir='ltr'><strong>desinam</strong></span> <span class='ocrx_word' id='word_1_105' title='bbox 993 1672 1142 1717; x_wconf 94' lang='lat' dir='ltr'><strong>cum</strong></span> <span class='ocrx_word' id='word_1_106' title='bbox 1186 1654 1295 1717; x_wconf 88' lang='lat' dir='ltr'><strong>illo</strong></span> <span class='ocrx_word' id='word_1_107' title='bbox 1339 1654 1825 1730; x_wconf 91' lang='lat' dir='ltr'><strong>communicare,</strong></span> <span class='ocrx_word' id='word_1_108' title='bbox 1873 1654 1928 1717; x_wconf 89' lang='lat' dir='ltr'><strong>si</strong></span> <span class='ocrx_word' id='word_1_109' title='bbox 1975 1653 2128 1734; x_wconf 89' lang='lat' dir='ltr'><strong>quid</strong></span> <span class='ocrx_word' id='word_1_110' title='bbox 2176 1652 2448 1735; x_wconf 84' lang='lat' dir='ltr'><strong>expediri</strong></span> <span class='ocrx_word' id='word_1_111' title='bbox 2497 1653 2732 1735; x_wconf 87' lang='lat' dir='ltr'><strong>possit;</strong></span> <span class='ocrx_word' id='word_1_112' title='bbox 2783 1652 2940 1734; x_wconf 89' lang='lat' dir='ltr'><strong>quod</strong></span> 
     </span>
     <span class='ocr_line' id='line_1_14' title="bbox 486 1759 1554 1825; baseline -0.001 -2"><span class='ocrx_word' id='word_1_113' title='bbox 486 1759 819 1824; x_wconf 83' lang='lat' dir='ltr'><strong>videbatur</strong></span> <span class='ocrx_word' id='word_1_114' title='bbox 864 1759 1024 1823; x_wconf 92' lang='lat' dir='ltr'><strong>mihi</strong></span> <span class='ocrx_word' id='word_1_115' title='bbox 1068 1760 1176 1823; x_wconf 92' lang='lat' dir='ltr'><strong>ille</strong></span> <span class='ocrx_word' id='word_1_116' title='bbox 1224 1759 1554 1825; x_wconf 87' lang='lat' dir='ltr'><strong>confidere.</strong></span> 
     </span>
    </p>

    <p class='ocr_par' dir='ltr' id='par_1_5' title="bbox 428 1865 2941 2159">
     <span class='ocr_line' id='line_1_15' title="bbox 428 1865 2940 1948; baseline 0 -23"><span class='ocrx_word' id='word_1_117' title='bbox 428 1885 455 1925; x_wconf 82' lang='lat'>4</span> <span class='ocrx_word' id='word_1_118' title='bbox 661 1865 1153 1943; x_wconf 86' lang='lat' dir='ltr'><strong>„Oratorem“</strong></span> <span class='ocrx_word' id='word_1_119' title='bbox 1209 1884 1455 1930; x_wconf 91' lang='lat' dir='ltr'><strong>meum</strong></span> <span class='ocrx_word' id='word_1_120' title='bbox 1510 1868 1692 1931; x_wconf 86' lang='lat' dir='ltr'><strong>tanto</strong></span> <span class='ocrx_word' id='word_1_121' title='bbox 1748 1884 1933 1948; x_wconf 90' lang='lat' dir='ltr'><strong>opere</strong></span> <span class='ocrx_word' id='word_1_122' title='bbox 2000 1884 2037 1929; x_wconf 89' lang='lat' dir='ltr'><strong>a</strong></span> <span class='ocrx_word' id='word_1_123' title='bbox 2100 1868 2164 1929; x_wconf 88' lang='lat' dir='ltr'><strong>te</strong></span> <span class='ocrx_word' id='word_1_124' title='bbox 2228 1866 2480 1948; x_wconf 89' lang='lat' dir='ltr'><strong>probari</strong></span> <span class='ocrx_word' id='word_1_125' title='bbox 2534 1866 2940 1930; x_wconf 85' lang='lat' dir='ltr'><strong>vehementer</strong></span> 
     </span>
     <span class='ocr_line' id='line_1_16' title="bbox 489 1970 2941 2055; baseline -0.001 -19"><span class='ocrx_word' id='word_1_126' title='bbox 489 1972 765 2053; x_wconf 66' lang='lat' dir='ltr'><strong>gaudem</strong></span> <span class='ocrx_word' id='word_1_127' title='bbox 813 1972 973 2046; x_wconf 90' lang='lat' dir='ltr'><strong>mihi</strong></span> <span class='ocrx_word' id='word_1_128' title='bbox 1006 1972 1265 2054; x_wconf 87' lang='lat' dir='ltr'><strong>quidem</strong></span> <span class='ocrx_word' id='word_1_129' title='bbox 1314 1972 1406 2036; x_wconf 88' lang='lat' dir='ltr'><strong>sic</strong></span> <span class='ocrx_word' id='word_1_130' title='bbox 1434 1971 1802 2055; x_wconf 88' lang='lat' dir='ltr'><strong>persuadeo,</strong></span> <span class='ocrx_word' id='word_1_131' title='bbox 1851 1990 1971 2048; x_wconf 87' lang='lat' dir='ltr'><strong>me,</strong></span> <span class='ocrx_word' id='word_1_132' title='bbox 2019 1970 2321 2052; x_wconf 91' lang='lat' dir='ltr'><strong>quicquid</strong></span> <span class='ocrx_word' id='word_1_133' title='bbox 2352 1971 2684 2035; x_wconf 86' lang='lat' dir='ltr'><strong>habuerim</strong></span> <span class='ocrx_word' id='word_1_134' title='bbox 2735 1970 2941 2035; x_wconf 89' lang='lat' dir='ltr'><strong>iudicii</strong></span> 
     </span>
     <span class='ocr_line' id='line_1_17' title="bbox 493 2064 2940 2159; baseline -0.001 -18"><span class='ocrx_word' id='word_1_135' title='bbox 493 2077 569 2142; x_wconf 90' lang='lat' dir='ltr'><strong>de</strong></span> <span class='ocrx_word' id='word_1_136' title='bbox 617 2078 912 2155; x_wconf 92' lang='lat' dir='ltr'><strong>dicendo,</strong></span> <span class='ocrx_word' id='word_1_137' title='bbox 958 2079 1025 2142; x_wconf 91' lang='lat' dir='ltr'><strong>in</strong></span> <span class='ocrx_word' id='word_1_138' title='bbox 1071 2078 1257 2142; x_wconf 91' lang='lat' dir='ltr'><strong>illum</strong></span> <span class='ocrx_word' id='word_1_139' title='bbox 1303 2078 1540 2143; x_wconf 92' lang='lat' dir='ltr'><strong>librum</strong></span> <span class='ocrx_word' id='word_1_140' title='bbox 1588 2078 1949 2143; x_wconf 86' lang='lat' dir='ltr'><strong>contulisse.</strong></span> <span class='ocrx_word' id='word_1_141' title='bbox 2042 2076 2166 2156; x_wconf 85' lang='lat' dir='ltr'><strong>Qui</strong></span> <span class='ocrx_word' id='word_1_142' title='bbox 2212 2077 2267 2141; x_wconf 92' lang='lat' dir='ltr'><strong>si</strong></span> <span class='ocrx_word' id='word_1_143' title='bbox 2312 2064 2415 2141; x_wconf 65' lang='lat' dir='ltr'><strong>est</strong></span> <span class='ocrx_word' id='word_1_144' title='bbox 2460 2078 2633 2154; x_wconf 81' lang='lat' dir='ltr'><strong>talis,</strong></span> <span class='ocrx_word' id='word_1_145' title='bbox 2693 2079 2940 2159; x_wconf 89' lang='lat' dir='ltr'><strong>qualem</strong></span> 
     </span>
    </p>
   </div>
   <div class='ocr_carea' id='block_1_3' title="bbox 488 2214 914 2222">
    <p class='ocr_par' dir='ltr' id='par_1_6' title="bbox 488 2214 914 2222">
     <span class='ocr_line' id='line_1_18' title="bbox 488 2214 914 2222; baseline 0 2604"><span class='ocrx_word' id='word_1_146' title='bbox 488 2214 914 2222; x_wconf 95' lang='lat' dir='ltr'><strong> </strong></span> 
     </span>
    </p>
   </div>
   <div class='ocr_carea' id='block_1_4' title="bbox 477 2287 2939 4395">
    <p class='ocr_par' dir='ltr' id='par_1_7' title="bbox 482 2287 2939 2713">
     <span class='ocr_line' id='line_1_19' title="bbox 486 2287 2939 2359; baseline -0.002 -15"><span class='ocrx_word' id='word_1_147' title='bbox 486 2291 723 2345; x_wconf 83' lang='lat' dir='ltr'><strong>weiteres</strong></span> <span class='ocrx_word' id='word_1_148' title='bbox 761 2291 819 2345; x_wconf 93' lang='lat' dir='ltr'><strong>in</strong></span> <span class='ocrx_word' id='word_1_149' title='bbox 855 2291 957 2344; x_wconf 88' lang='lat' dir='ltr'><strong>den</strong></span> <span class='ocrx_word' id='word_1_150' title='bbox 984 2289 1147 2343; x_wconf 87' lang='lat' dir='ltr'><strong>Senat</strong></span> <span class='ocrx_word' id='word_1_151' title='bbox 1181 2290 1420 2343; x_wconf 86' lang='lat' dir='ltr'><strong>kommen</strong></span> <span class='ocrx_word' id='word_1_152' title='bbox 1456 2290 1704 2355; x_wconf 62' lang='lat' dir='ltr'><strong>kiinntem</strong></span> <span class='ocrx_word' id='word_1_153' title='bbox 1744 2306 1800 2342; x_wconf 92' lang='lat' dir='ltr'><strong>so</strong></span> <span class='ocrx_word' id='word_1_154' title='bbox 1839 2293 1974 2342; x_wconf 70' lang='lat' dir='ltr'><strong>ware</strong></span> <span class='ocrx_word' id='word_1_155' title='bbox 2010 2305 2067 2341; x_wconf 91' lang='lat' dir='ltr'><strong>es</strong></span> <span class='ocrx_word' id='word_1_156' title='bbox 2096 2287 2227 2341; x_wconf 85' lang='lat' dir='ltr'><strong>doch</strong></span> <span class='ocrx_word' id='word_1_157' title='bbox 2255 2288 2339 2342; x_wconf 90' lang='lat' dir='ltr'><strong>ein</strong></span> <span class='ocrx_word' id='word_1_158' title='bbox 2367 2288 2760 2359; x_wconf 71' lang='lat' dir='ltr'><strong>Widerspruch‚</strong></span> <span class='ocrx_word' id='word_1_159' title='bbox 2800 2305 2939 2341; x_wconf 85' lang='lat' dir='ltr'><strong>wenn</strong></span> 
     </span>
     <span class='ocr_line' id='line_1_20' title="bbox 482 2376 2939 2448; baseline -0.002 -13"><span class='ocrx_word' id='word_1_160' title='bbox 482 2396 604 2435; x_wconf 88' lang='lat' dir='ltr'><strong>man</strong></span> <span class='ocrx_word' id='word_1_161' title='bbox 639 2380 693 2434; x_wconf 89' lang='lat' dir='ltr'><strong>in</strong></span> <span class='ocrx_word' id='word_1_162' title='bbox 731 2379 831 2434; x_wconf 88' lang='lat' dir='ltr'><strong>den</strong></span> <span class='ocrx_word' id='word_1_163' title='bbox 868 2378 1185 2448; x_wconf 88' lang='lat' dir='ltr'><strong>Munizipien</strong></span> <span class='ocrx_word' id='word_1_164' title='bbox 1221 2377 1430 2432; x_wconf 78' lang='lat' dir='ltr'><strong>friihere</strong></span> <span class='ocrx_word' id='word_1_165' title='bbox 1464 2377 1722 2433; x_wconf 87' lang='lat' dir='ltr'><strong>Ausrufer</strong></span> <span class='ocrx_word' id='word_1_166' title='bbox 1757 2377 1873 2444; x_wconf 91' lang='lat' dir='ltr'><strong>(der</strong></span> <span class='ocrx_word' id='word_1_167' title='bbox 1908 2376 2078 2431; x_wconf 86' lang='lat' dir='ltr'><strong>Vater</strong></span> <span class='ocrx_word' id='word_1_168' title='bbox 2114 2376 2207 2431; x_wconf 90' lang='lat' dir='ltr'><strong>des</strong></span> <span class='ocrx_word' id='word_1_169' title='bbox 2242 2376 2414 2431; x_wconf 88' lang='lat' dir='ltr'><strong>Horaz</strong></span> <span class='ocrx_word' id='word_1_170' title='bbox 2454 2393 2558 2431; x_wconf 87' lang='lat' dir='ltr'><strong>war</strong></span> <span class='ocrx_word' id='word_1_171' title='bbox 2595 2377 2681 2431; x_wconf 90' lang='lat' dir='ltr'><strong>ein</strong></span> <span class='ocrx_word' id='word_1_172' title='bbox 2721 2376 2939 2441; x_wconf 84' lang='lat' dir='ltr'><strong>solcher)</strong></span> 
     </span>
     <span class='ocr_line' id='line_1_21' title="bbox 484 2466 2937 2522; baseline -0.002 -1"><span class='ocrx_word' id='word_1_173' title='bbox 484 2468 634 2521; x_wconf 86' lang='lat' dir='ltr'><strong>nicht</strong></span> <span class='ocrx_word' id='word_1_174' title='bbox 667 2469 724 2521; x_wconf 90' lang='lat' dir='ltr'><strong>in</strong></span> <span class='ocrx_word' id='word_1_175' title='bbox 761 2468 862 2521; x_wconf 93' lang='lat' dir='ltr'><strong>den</strong></span> <span class='ocrx_word' id='word_1_176' title='bbox 889 2467 1137 2521; x_wconf 86' lang='lat' dir='ltr'><strong>Stadtrat</strong></span> <span class='ocrx_word' id='word_1_177' title='bbox 1170 2467 1345 2521; x_wconf 88' lang='lat' dir='ltr'><strong>lassen</strong></span> <span class='ocrx_word' id='word_1_178' title='bbox 1383 2468 1573 2521; x_wconf 83' lang='lat' dir='ltr'><strong>wollte.</strong></span> <span class='ocrx_word' id='word_1_179' title='bbox 1629 2468 1726 2521; x_wconf 86' lang='lat' dir='ltr'><strong>Als</strong></span> <span class='ocrx_word' id='word_1_180' title='bbox 1753 2466 1914 2522; x_wconf 75' lang='lat' dir='ltr'><strong>Ciisar</strong></span> <span class='ocrx_word' id='word_1_181' title='bbox 1950 2466 2179 2521; x_wconf 72' lang='lat' dir='ltr'><strong>namlich</strong></span> <span class='ocrx_word' id='word_1_182' title='bbox 2208 2467 2309 2521; x_wconf 92' lang='lat' dir='ltr'><strong>den</strong></span> <span class='ocrx_word' id='word_1_183' title='bbox 2336 2466 2498 2520; x_wconf 86' lang='lat' dir='ltr'><strong>Senat</strong></span> <span class='ocrx_word' id='word_1_184' title='bbox 2525 2483 2642 2519; x_wconf 89' lang='lat' dir='ltr'><strong>zum</strong></span> <span class='ocrx_word' id='word_1_185' title='bbox 2671 2466 2937 2521; x_wconf 87' lang='lat' dir='ltr'><strong>Staatsrat</strong></span> 
     </span>
     <span class='ocr_line' id='line_1_22' title="bbox 483 2554 2937 2621; baseline -0 -12"><span class='ocrx_word' id='word_1_186' title='bbox 483 2555 865 2610; x_wconf 86' lang='lat' dir='ltr'><strong>herabdriickte</strong></span> <span class='ocrx_word' id='word_1_187' title='bbox 903 2555 1009 2609; x_wconf 90' lang='lat' dir='ltr'><strong>und</strong></span> <span class='ocrx_word' id='word_1_188' title='bbox 1046 2556 1190 2609; x_wconf 89' lang='lat' dir='ltr'><strong>seine</strong></span> <span class='ocrx_word' id='word_1_189' title='bbox 1227 2555 1357 2609; x_wconf 89' lang='lat' dir='ltr'><strong>Zahl</strong></span> <span class='ocrx_word' id='word_1_190' title='bbox 1393 2557 1486 2610; x_wconf 86' lang='lat' dir='ltr'><strong>auf</strong></span> <span class='ocrx_word' id='word_1_191' title='bbox 1517 2557 1624 2611; x_wconf 88' lang='lat'><strong>900</strong></span> <span class='ocrx_word' id='word_1_192' title='bbox 1650 2556 1884 2621; x_wconf 76' lang='lat' dir='ltr'><strong>erhiihte,</strong></span> <span class='ocrx_word' id='word_1_193' title='bbox 1922 2555 2020 2608; x_wconf 90' lang='lat' dir='ltr'><strong>hat</strong></span> <span class='ocrx_word' id='word_1_194' title='bbox 2054 2572 2127 2621; x_wconf 91' lang='lat' dir='ltr'><strong>er,</strong></span> <span class='ocrx_word' id='word_1_195' title='bbox 2165 2556 2234 2609; x_wconf 89' lang='lat' dir='ltr'><strong>da</strong></span> <span class='ocrx_word' id='word_1_196' title='bbox 2268 2555 2378 2609; x_wconf 88' lang='lat' dir='ltr'><strong>ihm</strong></span> <span class='ocrx_word' id='word_1_197' title='bbox 2415 2554 2498 2608; x_wconf 89' lang='lat' dir='ltr'><strong>die</strong></span> <span class='ocrx_word' id='word_1_198' title='bbox 2535 2555 2692 2609; x_wconf 85' lang='lat' dir='ltr'><strong>lectio</strong></span> <span class='ocrx_word' id='word_1_199' title='bbox 2730 2560 2937 2609; x_wconf 85' lang='lat' dir='ltr'><strong>senatus</strong></span> 
     </span>
     <span class='ocr_line' id='line_1_23' title="bbox 489 2643 1980 2713; baseline 0 -16"><span class='ocrx_word' id='word_1_200' title='bbox 489 2643 726 2711; x_wconf 85' lang='lat' dir='ltr'><strong>zustand‚</strong></span> <span class='ocrx_word' id='word_1_201' title='bbox 764 2645 914 2699; x_wconf 86' lang='lat' dir='ltr'><strong>keine</strong></span> <span class='ocrx_word' id='word_1_202' title='bbox 950 2644 1251 2699; x_wconf 85' lang='lat' dir='ltr'><strong>bestimmte</strong></span> <span class='ocrx_word' id='word_1_203' title='bbox 1289 2643 1663 2710; x_wconf 86' lang='lat' dir='ltr'><strong>Qualifikation</strong></span> <span class='ocrx_word' id='word_1_204' title='bbox 1698 2644 1980 2713; x_wconf 85' lang='lat' dir='ltr'><strong>gefordert.</strong></span> 
     </span>
    </p>

    <p class='ocr_par' dir='ltr' id='par_1_8' title="bbox 481 2732 2938 3585">
     <span class='ocr_line' id='line_1_24' title="bbox 631 2732 2937 2803; baseline -0.001 -16"><span class='ocrx_word' id='word_1_205' title='bbox 631 2744 676 2787; x_wconf 84' lang='grc'><strong>2.</strong></span> <span class='ocrx_word' id='word_1_206' title='bbox 713 2734 802 2788; x_wconf 90' lang='lat' dir='ltr'><strong>De</strong></span> <span class='ocrx_word' id='word_1_207' title='bbox 850 2734 1175 2803; x_wconf 73' lang='lat' dir='ltr'><strong>Hispaniis]</strong></span> <span class='ocrx_word' id='word_1_208' title='bbox 1225 2733 1456 2787; x_wconf 90' lang='lat' dir='ltr'><strong>Dorthin</strong></span> <span class='ocrx_word' id='word_1_209' title='bbox 1503 2750 1610 2786; x_wconf 85' lang='lat' dir='ltr'><strong>war</strong></span> <span class='ocrx_word' id='word_1_210' title='bbox 1656 2733 1819 2789; x_wconf 80' lang='lat' dir='ltr'><strong>Ca&#39;sar</strong></span> <span class='ocrx_word' id='word_1_211' title='bbox 1869 2733 1940 2786; x_wconf 93' lang='lat' dir='ltr'><strong>im</strong></span> <span class='ocrx_word' id='word_1_212' title='bbox 1991 2732 2199 2786; x_wconf 87' lang='lat' dir='ltr'><strong>Winter</strong></span> <span class='ocrx_word' id='word_1_213' title='bbox 2249 2734 2319 2787; x_wconf 87' lang='lat'><strong>46</strong></span> <span class='ocrx_word' id='word_1_214' title='bbox 2369 2750 2639 2802; x_wconf 85' lang='lat' dir='ltr'><strong>gegangen</strong></span> <span class='ocrx_word' id='word_1_215' title='bbox 2656 2775 2670 2800; x_wconf 89' lang='lat'>‚</span> <span class='ocrx_word' id='word_1_216' title='bbox 2725 2750 2813 2787; x_wconf 90' lang='lat' dir='ltr'><strong>um</strong></span> <span class='ocrx_word' id='word_1_217' title='bbox 2862 2733 2937 2785; x_wconf 92' lang='lat' dir='ltr'><strong>die</strong></span> 
     </span>
     <span class='ocr_line' id='line_1_25' title="bbox 482 2821 2937 2893; baseline -0.001 -18"><span class='ocrx_word' id='word_1_218' title='bbox 482 2822 825 2893; x_wconf 86' lang='lat' dir='ltr'><strong>Pompejaner</strong></span> <span class='ocrx_word' id='word_1_219' title='bbox 839 2865 852 2889; x_wconf 91' lang='lat'><strong>,</strong></span> <span class='ocrx_word' id='word_1_220' title='bbox 905 2822 988 2876; x_wconf 92' lang='lat' dir='ltr'><strong>die</strong></span> <span class='ocrx_word' id='word_1_221' title='bbox 1037 2825 1193 2876; x_wconf 87' lang='lat' dir='ltr'><strong>unter</strong></span> <span class='ocrx_word' id='word_1_222' title='bbox 1230 2821 1322 2877; x_wconf 92' lang='lat' dir='ltr'><strong>Cn.</strong></span> <span class='ocrx_word' id='word_1_223' title='bbox 1376 2822 1484 2876; x_wconf 89' lang='lat' dir='ltr'><strong>und</strong></span> <span class='ocrx_word' id='word_1_224' title='bbox 1520 2822 1711 2876; x_wconf 83' lang='lat' dir='ltr'><strong>Sextus</strong></span> <span class='ocrx_word' id='word_1_225' title='bbox 1747 2822 1928 2892; x_wconf 91' lang='lat' dir='ltr'><strong>Pomp.</strong></span> <span class='ocrx_word' id='word_1_226' title='bbox 1968 2821 2081 2875; x_wconf 91' lang='lat' dir='ltr'><strong>sich</strong></span> <span class='ocrx_word' id='word_1_227' title='bbox 2117 2822 2240 2875; x_wconf 90' lang='lat' dir='ltr'><strong>dort</strong></span> <span class='ocrx_word' id='word_1_228' title='bbox 2274 2822 2586 2890; x_wconf 87' lang='lat' dir='ltr'><strong>festgesetzt</strong></span> <span class='ocrx_word' id='word_1_229' title='bbox 2621 2821 2815 2876; x_wconf 86' lang='lat' dir='ltr'><strong>hatten</strong></span> <span class='ocrx_word' id='word_1_230' title='bbox 2830 2863 2843 2888; x_wconf 93' lang='lat'>‚</span> <span class='ocrx_word' id='word_1_231' title='bbox 2880 2838 2937 2873; x_wconf 91' lang='lat' dir='ltr'><strong>zu</strong></span> 
     </span>
     <span class='ocr_line' id='line_1_26' title="bbox 483 2901 2936 2980; baseline -0.002 -15"><span class='ocrx_word' id='word_1_232' title='bbox 483 2911 801 2966; x_wconf 84' lang='lat' dir='ltr'><strong>vernichten.</strong></span> <span class='ocrx_word' id='word_1_233' title='bbox 866 2901 1009 2965; x_wconf 78' lang='lat' dir='ltr'><strong>Uber</strong></span> <span class='ocrx_word' id='word_1_234' title='bbox 1045 2911 1146 2965; x_wconf 91' lang='lat' dir='ltr'><strong>den</strong></span> <span class='ocrx_word' id='word_1_235' title='bbox 1174 2910 1405 2980; x_wconf 85' lang='lat' dir='ltr'><strong>Endsieg</strong></span> <span class='ocrx_word' id='word_1_236' title='bbox 1431 2911 1515 2964; x_wconf 89' lang='lat' dir='ltr'><strong>bei</strong></span> <span class='ocrx_word' id='word_1_237' title='bbox 1543 2910 1743 2964; x_wconf 88' lang='lat' dir='ltr'><strong>Munda</strong></span> <span class='ocrx_word' id='word_1_238' title='bbox 1778 2927 1863 2964; x_wconf 90' lang='lat' dir='ltr'><strong>am</strong></span> <span class='ocrx_word' id='word_1_239' title='bbox 1892 2911 1978 2965; x_wconf 78' lang='lat'><strong>17.</strong></span> <span class='ocrx_word' id='word_1_240' title='bbox 2006 2909 2153 2964; x_wconf 73' lang='lat' dir='ltr'><strong>Marz</strong></span> <span class='ocrx_word' id='word_1_241' title='bbox 2181 2910 2252 2965; x_wconf 83' lang='lat'><strong>45</strong></span> <span class='ocrx_word' id='word_1_242' title='bbox 2279 2910 2543 2964; x_wconf 85' lang='lat' dir='ltr'><strong>berichtet</strong></span> <span class='ocrx_word' id='word_1_243' title='bbox 2578 2909 2683 2965; x_wconf 89' lang='lat' dir='ltr'><strong>Cic.</strong></span> <span class='ocrx_word' id='word_1_244' title='bbox 2721 2910 2793 2964; x_wconf 86' lang='lat' dir='ltr'><strong>ad</strong></span> <span class='ocrx_word' id='word_1_245' title='bbox 2826 2909 2936 2963; x_wconf 88' lang='lat' dir='ltr'><strong>Att.</strong></span> 
     </span>
     <span class='ocr_line' id='line_1_27' title="bbox 485 2997 2937 3069; baseline -0.002 -15"><span class='ocrx_word' id='word_1_246' title='bbox 485 3000 554 3054; x_wconf 83' lang='lat'><strong>12</strong></span> <span class='ocrx_word' id='word_1_247' title='bbox 569 3041 582 3066; x_wconf 93' lang='lat'><strong>,</strong></span> <span class='ocrx_word' id='word_1_248' title='bbox 632 3000 721 3066; x_wconf 83' lang='lat'><strong>37,</strong></span> <span class='ocrx_word' id='word_1_249' title='bbox 768 2999 833 3054; x_wconf 82' lang='lat'><strong>4:</strong></span> <span class='ocrx_word' id='word_1_250' title='bbox 887 2999 1139 3066; x_wconf 89' lang='lat' dir='ltr'><strong>„Hirtius</strong></span> <span class='ocrx_word' id='word_1_251' title='bbox 1187 3000 1255 3054; x_wconf 91' lang='lat' dir='ltr'><strong>ad</strong></span> <span class='ocrx_word' id='word_1_252' title='bbox 1301 3017 1383 3053; x_wconf 92' lang='lat' dir='ltr'><strong>me</strong></span> <span class='ocrx_word' id='word_1_253' title='bbox 1432 3000 1648 3069; x_wconf 90' lang='lat' dir='ltr'><strong>scripsit</strong></span> <span class='ocrx_word' id='word_1_254' title='bbox 1683 2998 1797 3053; x_wconf 86' lang='lat' dir='ltr'><strong>Sex.</strong></span> <span class='ocrx_word' id='word_1_255' title='bbox 1836 2999 2138 3069; x_wconf 90' lang='lat' dir='ltr'><strong>Pompeium</strong></span> <span class='ocrx_word' id='word_1_256' title='bbox 2175 2997 2417 3053; x_wconf 86' lang='lat' dir='ltr'><strong>Corduba</strong></span> <span class='ocrx_word' id='word_1_257' title='bbox 2452 2999 2618 3053; x_wconf 80' lang='lat' dir='ltr'><strong>exisse</strong></span> <span class='ocrx_word' id='word_1_258' title='bbox 2654 3002 2711 3052; x_wconf 90' lang='lat' dir='ltr'><strong>et</strong></span> <span class='ocrx_word' id='word_1_259' title='bbox 2749 2999 2937 3067; x_wconf 85' lang='lat' dir='ltr'><strong>fugisse</strong></span> 
     </span>
     <span class='ocr_line' id='line_1_28' title="bbox 482 3085 2935 3158; baseline 0 -17"><span class='ocrx_word' id='word_1_260' title='bbox 482 3088 538 3142; x_wconf 89' lang='lat' dir='ltr'><strong>in</strong></span> <span class='ocrx_word' id='word_1_261' title='bbox 564 3088 877 3158; x_wconf 87' lang='lat' dir='ltr'><strong>Hispaniam</strong></span> <span class='ocrx_word' id='word_1_262' title='bbox 916 3089 1225 3155; x_wconf 84' lang='lat' dir='ltr'><strong>citeriorem,</strong></span> <span class='ocrx_word' id='word_1_263' title='bbox 1262 3087 1495 3143; x_wconf 87' lang='lat' dir='ltr'><strong>Gnaeum</strong></span> <span class='ocrx_word' id='word_1_264' title='bbox 1533 3088 1731 3156; x_wconf 86' lang='lat' dir='ltr'><strong>fugisse</strong></span> <span class='ocrx_word' id='word_1_265' title='bbox 1769 3088 1943 3143; x_wconf 89' lang='lat' dir='ltr'><strong>nescio</strong></span> <span class='ocrx_word' id='word_1_266' title='bbox 1971 3088 2133 3157; x_wconf 91' lang='lat' dir='ltr'><strong>quo“.</strong></span> <span class='ocrx_word' id='word_1_267' title='bbox 2170 3116 2243 3126; x_wconf 95' lang='lat'>—</span> <span class='ocrx_word' id='word_1_268' title='bbox 2277 3086 2347 3141; x_wconf 83' lang='lat' dir='ltr'><strong>L.</strong></span> <span class='ocrx_word' id='word_1_269' title='bbox 2378 3087 2588 3142; x_wconf 69' lang='lat' dir='ltr'><strong>Junius</strong></span> <span class='ocrx_word' id='word_1_270' title='bbox 2614 3085 2935 3151; x_wconf 77' lang='lat' dir='ltr'><strong>Paciaecus]</strong></span> 
     </span>
     <span class='ocr_line' id='line_1_29' title="bbox 485 3174 2938 3246; baseline -0.001 -17"><span class='ocrx_word' id='word_1_271' title='bbox 485 3176 570 3229; x_wconf 90' lang='lat' dir='ltr'><strong>ein</strong></span> <span class='ocrx_word' id='word_1_272' title='bbox 607 3174 815 3230; x_wconf 88' lang='lat' dir='ltr'><strong>Offizier</strong></span> <span class='ocrx_word' id='word_1_273' title='bbox 851 3175 1039 3231; x_wconf 69' lang='lat' dir='ltr'><strong>Casars</strong></span> <span class='ocrx_word' id='word_1_274' title='bbox 1057 3220 1070 3244; x_wconf 96' lang='lat'><strong>,</strong></span> <span class='ocrx_word' id='word_1_275' title='bbox 1106 3177 1200 3230; x_wconf 90' lang='lat' dir='ltr'><strong>der</strong></span> <span class='ocrx_word' id='word_1_276' title='bbox 1236 3176 1321 3230; x_wconf 92' lang='lat' dir='ltr'><strong>die</strong></span> <span class='ocrx_word' id='word_1_277' title='bbox 1357 3176 1517 3231; x_wconf 86' lang='lat' dir='ltr'><strong>Stadt</strong></span> <span class='ocrx_word' id='word_1_278' title='bbox 1550 3176 1675 3230; x_wconf 83' lang='lat' dir='ltr'><strong>Ulia</strong></span> <span class='ocrx_word' id='word_1_279' title='bbox 1708 3177 1764 3230; x_wconf 90' lang='lat' dir='ltr'><strong>in</strong></span> <span class='ocrx_word' id='word_1_280' title='bbox 1800 3176 2060 3246; x_wconf 85' lang='lat' dir='ltr'><strong>Hispania</strong></span> <span class='ocrx_word' id='word_1_281' title='bbox 2094 3175 2310 3229; x_wconf 83' lang='lat' dir='ltr'><strong>Baetica</strong></span> <span class='ocrx_word' id='word_1_282' title='bbox 2346 3193 2446 3230; x_wconf 89' lang='lat' dir='ltr'><strong>von</strong></span> <span class='ocrx_word' id='word_1_283' title='bbox 2483 3175 2575 3229; x_wconf 87' lang='lat' dir='ltr'><strong>der</strong></span> <span class='ocrx_word' id='word_1_284' title='bbox 2610 3175 2938 3244; x_wconf 85' lang='lat' dir='ltr'><strong>Belagerung</strong></span> 
     </span>
     <span class='ocr_line' id='line_1_30' title="bbox 484 3263 2935 3335; baseline -0.001 -17"><span class='ocrx_word' id='word_1_285' title='bbox 484 3263 577 3318; x_wconf 88' lang='lat' dir='ltr'><strong>des</strong></span> <span class='ocrx_word' id='word_1_286' title='bbox 616 3263 709 3318; x_wconf 92' lang='lat' dir='ltr'><strong>Cn.</strong></span> <span class='ocrx_word' id='word_1_287' title='bbox 747 3263 927 3335; x_wconf 88' lang='lat' dir='ltr'><strong>Pomp.</strong></span> <span class='ocrx_word' id='word_1_288' title='bbox 973 3268 1244 3319; x_wconf 87' lang='lat' dir='ltr'><strong>entsetzen</strong></span> <span class='ocrx_word' id='word_1_289' title='bbox 1291 3264 1462 3319; x_wconf 87' lang='lat' dir='ltr'><strong>sollte.</strong></span> <span class='ocrx_word' id='word_1_290' title='bbox 1513 3295 1581 3303; x_wconf 90' lang='lat'><em>-</em></span> <span class='ocrx_word' id='word_1_291' title='bbox 1633 3264 1775 3333; x_wconf 79' lang='lat' dir='ltr'><strong>erat]</strong></span> <span class='ocrx_word' id='word_1_292' title='bbox 1822 3267 2117 3335; x_wconf 71' lang='lat' dir='ltr'><strong>pragnant:</strong></span> <span class='ocrx_word' id='word_1_293' title='bbox 2169 3305 2200 3331; x_wconf 93' lang='lat'><em>„</em></span> <span class='ocrx_word' id='word_1_294' title='bbox 2214 3265 2552 3332; x_wconf 87' lang='lat' dir='ltr'><strong>geschrieben</strong></span> <span class='ocrx_word' id='word_1_295' title='bbox 2602 3264 2823 3318; x_wconf 83' lang='lat' dir='ltr'><strong>staud“.</strong></span> <span class='ocrx_word' id='word_1_296' title='bbox 2873 3292 2935 3300; x_wconf 95' lang='lat'>—</span> 
     </span>
     <span class='ocr_line' id='line_1_31' title="bbox 482 3352 2935 3424; baseline -0.001 -18"><span class='ocrx_word' id='word_1_297' title='bbox 482 3352 568 3407; x_wconf 83' lang='lat' dir='ltr'><strong>M.</strong></span> <span class='ocrx_word' id='word_1_298' title='bbox 615 3352 873 3407; x_wconf 79' lang='lat' dir='ltr'><strong>Valerius</strong></span> <span class='ocrx_word' id='word_1_299' title='bbox 907 3353 1196 3422; x_wconf 80' lang='lat' dir='ltr'><strong>Messalla]</strong></span> <span class='ocrx_word' id='word_1_300' title='bbox 1231 3353 1436 3408; x_wconf 89' lang='lat' dir='ltr'><strong>Konsul</strong></span> <span class='ocrx_word' id='word_1_301' title='bbox 1473 3353 1543 3408; x_wconf 85' lang='lat'><strong>53</strong></span> <span class='ocrx_word' id='word_1_302' title='bbox 1560 3394 1573 3419; x_wconf 93' lang='lat'><strong>,</strong></span> <span class='ocrx_word' id='word_1_303' title='bbox 1622 3370 1728 3407; x_wconf 87' lang='lat' dir='ltr'><strong>war</strong></span> <span class='ocrx_word' id='word_1_304' title='bbox 1775 3354 1876 3408; x_wconf 89' lang='lat' dir='ltr'><strong>mit</strong></span> <span class='ocrx_word' id='word_1_305' title='bbox 1911 3353 2074 3408; x_wconf 69' lang='lat' dir='ltr'><strong>Casar</strong></span> <span class='ocrx_word' id='word_1_306' title='bbox 2108 3353 2165 3407; x_wconf 89' lang='lat' dir='ltr'><strong>in</strong></span> <span class='ocrx_word' id='word_1_307' title='bbox 2203 3353 2445 3424; x_wconf 86' lang='lat' dir='ltr'><strong>Spanien.</strong></span> <span class='ocrx_word' id='word_1_308' title='bbox 2518 3353 2618 3407; x_wconf 89' lang='lat' dir='ltr'><strong>Die</strong></span> <span class='ocrx_word' id='word_1_309' title='bbox 2665 3352 2935 3421; x_wconf 84' lang='lat' dir='ltr'><strong>folgenden</strong></span> 
     </span>
     <span class='ocr_line' id='line_1_32' title="bbox 481 3440 2932 3510; baseline 0.001 -16"><span class='ocrx_word' id='word_1_310' title='bbox 481 3440 962 3496; x_wconf 70' lang='lat' dir='ltr'><strong>Persiinlichkeiten</strong></span> <span class='ocrx_word' id='word_1_311' title='bbox 999 3441 1115 3495; x_wconf 90' lang='lat' dir='ltr'><strong>sind</strong></span> <span class='ocrx_word' id='word_1_312' title='bbox 1154 3442 1334 3496; x_wconf 88' lang='lat' dir='ltr'><strong>weiter</strong></span> <span class='ocrx_word' id='word_1_313' title='bbox 1368 3441 1520 3495; x_wconf 89' lang='lat' dir='ltr'><strong>nicht</strong></span> <span class='ocrx_word' id='word_1_314' title='bbox 1544 3442 1794 3496; x_wconf 85' lang='lat' dir='ltr'><strong>bekannt.</strong></span> <span class='ocrx_word' id='word_1_315' title='bbox 1833 3472 1901 3480; x_wconf 89' lang='lat'>—</span> <span class='ocrx_word' id='word_1_316' title='bbox 1937 3443 1987 3497; x_wconf 80' lang='lat' dir='ltr'><strong>si</strong></span> <span class='ocrx_word' id='word_1_317' title='bbox 2026 3482 2038 3494; x_wconf 95' lang='lat'><strong>.</strong></span> <span class='ocrx_word' id='word_1_318' title='bbox 2063 3484 2074 3496; x_wconf 89' lang='lat'><strong>.</strong></span> <span class='ocrx_word' id='word_1_319' title='bbox 2095 3482 2109 3496; x_wconf 98' lang='lat'><strong>.</strong></span> <span class='ocrx_word' id='word_1_320' title='bbox 2150 3441 2442 3510; x_wconf 75' lang='lat' dir='ltr'><strong>deducere]</strong></span> <span class='ocrx_word' id='word_1_321' title='bbox 2479 3441 2665 3496; x_wconf 88' lang='lat' dir='ltr'><strong>Inhalt</strong></span> <span class='ocrx_word' id='word_1_322' title='bbox 2691 3440 2786 3495; x_wconf 87' lang='lat' dir='ltr'><strong>des</strong></span> <span class='ocrx_word' id='word_1_323' title='bbox 2813 3457 2932 3496; x_wconf 78' lang='lat' dir='ltr'><strong>eon-</strong></span> 
     </span>
     <span class='ocr_line' id='line_1_33' title="bbox 481 3530 746 3585; baseline -0.004 0"><span class='ocrx_word' id='word_1_324' title='bbox 481 3530 746 3585; x_wconf 77' lang='lat' dir='ltr'><strong>sensisset.</strong></span> 
     </span>
    </p>

    <p class='ocr_par' dir='ltr' id='par_1_9' title="bbox 477 3617 2935 4129">
     <span class='ocr_line' id='line_1_34' title="bbox 627 3617 2935 3690; baseline -0.001 -17"><span class='ocrx_word' id='word_1_325' title='bbox 627 3631 673 3673; x_wconf 79' lang='grc'><strong>3.</strong></span> <span class='ocrx_word' id='word_1_326' title='bbox 710 3617 964 3688; x_wconf 75' lang='lat' dir='ltr'><strong>sponsor]</strong></span> <span class='ocrx_word' id='word_1_327' title='bbox 1000 3619 1166 3689; x_wconf 87' lang='lat' dir='ltr'><strong>Lepta</strong></span> <span class='ocrx_word' id='word_1_328' title='bbox 1201 3618 1354 3672; x_wconf 88' lang='lat' dir='ltr'><strong>hatte</strong></span> <span class='ocrx_word' id='word_1_329' title='bbox 1391 3618 1503 3672; x_wconf 85' lang='lat' dir='ltr'><strong>sich</strong></span> <span class='ocrx_word' id='word_1_330' title='bbox 1541 3635 1838 3673; x_wconf 85' lang='lat' dir='ltr'><strong>zusammen</strong></span> <span class='ocrx_word' id='word_1_331' title='bbox 1874 3620 1976 3673; x_wconf 92' lang='lat' dir='ltr'><strong>mit</strong></span> <span class='ocrx_word' id='word_1_332' title='bbox 2010 3619 2223 3674; x_wconf 88' lang='lat' dir='ltr'><strong>Servius</strong></span> <span class='ocrx_word' id='word_1_333' title='bbox 2249 3619 2513 3690; x_wconf 89' lang='lat' dir='ltr'><strong>Sulpicius</strong></span> <span class='ocrx_word' id='word_1_334' title='bbox 2549 3617 2735 3686; x_wconf 83' lang='lat' dir='ltr'><strong>Galba,</strong></span> <span class='ocrx_word' id='word_1_335' title='bbox 2773 3619 2935 3673; x_wconf 91' lang='lat' dir='ltr'><strong>einem</strong></span> 
     </span>
     <span class='ocr_line' id='line_1_35' title="bbox 479 3706 2935 3778; baseline -0 -18"><span class='ocrx_word' id='word_1_336' title='bbox 479 3706 722 3761; x_wconf 79' lang='lat' dir='ltr'><strong>frtiheren</strong></span> <span class='ocrx_word' id='word_1_337' title='bbox 757 3707 989 3776; x_wconf 84' lang='lat' dir='ltr'><strong>Legaten</strong></span> <span class='ocrx_word' id='word_1_338' title='bbox 1016 3706 1222 3774; x_wconf 69' lang='lat' dir='ltr'><strong>Casars,</strong></span> <span class='ocrx_word' id='word_1_339' title='bbox 1260 3706 1354 3761; x_wconf 87' lang='lat' dir='ltr'><strong>der</strong></span> <span class='ocrx_word' id='word_1_340' title='bbox 1389 3710 1571 3778; x_wconf 70' lang='lat' dir='ltr'><strong>spater</strong></span> <span class='ocrx_word' id='word_1_341' title='bbox 1605 3708 1680 3762; x_wconf 93' lang='lat' dir='ltr'><strong>im</strong></span> <span class='ocrx_word' id='word_1_342' title='bbox 1715 3708 2163 3763; x_wconf 83' lang='lat' dir='ltr'><strong>mutinensischen</strong></span> <span class='ocrx_word' id='word_1_343' title='bbox 2190 3708 2355 3777; x_wconf 87' lang='lat' dir='ltr'><strong>Krieg</strong></span> <span class='ocrx_word' id='word_1_344' title='bbox 2390 3712 2549 3763; x_wconf 85' lang='lat' dir='ltr'><strong>unter</strong></span> <span class='ocrx_word' id='word_1_345' title='bbox 2575 3707 2788 3762; x_wconf 90' lang='lat' dir='ltr'><strong>Hirtius</strong></span> <span class='ocrx_word' id='word_1_346' title='bbox 2819 3706 2935 3761; x_wconf 91' lang='lat' dir='ltr'><strong>mit·</strong></span> 
     </span>
     <span class='ocr_line' id='line_1_36' title="bbox 479 3794 2934 3867; baseline 0 -19"><span class='ocrx_word' id='word_1_347' title='bbox 479 3795 711 3864; x_wconf 74' lang='lat' dir='ltr'><strong>kiimpfte</strong></span> <span class='ocrx_word' id='word_1_348' title='bbox 728 3837 741 3860; x_wconf 91' lang='lat'><strong>,</strong></span> <span class='ocrx_word' id='word_1_349' title='bbox 791 3796 848 3849; x_wconf 89' lang='lat' dir='ltr'><strong>in</strong></span> <span class='ocrx_word' id='word_1_350' title='bbox 895 3795 1039 3850; x_wconf 87' lang='lat' dir='ltr'><strong>einer</strong></span> <span class='ocrx_word' id='word_1_351' title='bbox 1073 3794 1610 3865; x_wconf 80' lang='lat' dir='ltr'><strong>Geldangelegenheit</strong></span> <span class='ocrx_word' id='word_1_352' title='bbox 1652 3797 1735 3850; x_wconf 79' lang='lat' dir='ltr'><strong>fiir</strong></span> <span class='ocrx_word' id='word_1_353' title='bbox 1768 3795 2048 3867; x_wconf 89' lang='lat' dir='ltr'><strong>Pompejus</strong></span> <span class='ocrx_word' id='word_1_354' title='bbox 2099 3797 2351 3865; x_wconf 76' lang='lat' dir='ltr'><strong>verburgt</strong></span> <span class='ocrx_word' id='word_1_355' title='bbox 2397 3798 2652 3865; x_wconf 78' lang='lat' dir='ltr'><strong>(sponsor</strong></span> <span class='ocrx_word' id='word_1_356' title='bbox 2689 3837 2702 3850; x_wconf 93' lang='lat'><strong>.</strong></span> <span class='ocrx_word' id='word_1_357' title='bbox 2725 3836 2737 3849; x_wconf 96' lang='lat'><strong>.</strong></span> <span class='ocrx_word' id='word_1_358' title='bbox 2760 3837 2773 3850; x_wconf 93' lang='lat'><strong>.</strong></span> <span class='ocrx_word' id='word_1_359' title='bbox 2812 3811 2934 3850; x_wconf 74' lang='lat' dir='ltr'><strong>con-</strong></span> 
     </span>
     <span class='ocr_line' id='line_1_37' title="bbox 480 3883 2934 3954; baseline -0.001 -16"><span class='ocrx_word' id='word_1_360' title='bbox 480 3886 767 3952; x_wconf 74' lang='lat' dir='ltr'><strong>sponsor);</strong></span> <span class='ocrx_word' id='word_1_361' title='bbox 805 3883 886 3937; x_wconf 89' lang='lat' dir='ltr'><strong>als</strong></span> <span class='ocrx_word' id='word_1_362' title='bbox 920 3883 995 3937; x_wconf 91' lang='lat' dir='ltr'><strong>im</strong></span> <span class='ocrx_word' id='word_1_363' title='bbox 1029 3883 1411 3953; x_wconf 82' lang='lat' dir='ltr'><strong>Biirgerkriege</strong></span> <span class='ocrx_word' id='word_1_364' title='bbox 1446 3884 1635 3939; x_wconf 87' lang='lat' dir='ltr'><strong>dessen</strong></span> <span class='ocrx_word' id='word_1_365' title='bbox 1670 3885 1961 3954; x_wconf 74' lang='lat' dir='ltr'><strong>Vermiigen</strong></span> <span class='ocrx_word' id='word_1_366' title='bbox 1995 3885 2309 3954; x_wconf 81' lang='lat' dir='ltr'><strong>eingezogen</strong></span> <span class='ocrx_word' id='word_1_367' title='bbox 2345 3886 2521 3939; x_wconf 84' lang='lat' dir='ltr'><strong>wurde</strong></span> <span class='ocrx_word' id='word_1_368' title='bbox 2536 3927 2551 3952; x_wconf 92' lang='lat'>‚</span> <span class='ocrx_word' id='word_1_369' title='bbox 2591 3884 2814 3939; x_wconf 84' lang='lat' dir='ltr'><strong>nahmen</strong></span> <span class='ocrx_word' id='word_1_370' title='bbox 2854 3884 2934 3936; x_wconf 89' lang='lat' dir='ltr'><strong>die</strong></span> 
     </span>
     <span class='ocr_line' id='line_1_38' title="bbox 483 3963 2935 4043; baseline -0 -18"><span class='ocrx_word' id='word_1_371' title='bbox 483 3968 771 4040; x_wconf 67' lang='lat' dir='ltr'><strong>Glaubiger</strong></span> <span class='ocrx_word' id='word_1_372' title='bbox 808 3971 891 4025; x_wconf 91' lang='lat' dir='ltr'><strong>die</strong></span> <span class='ocrx_word' id='word_1_373' title='bbox 925 3972 1137 4041; x_wconf 80' lang='lat' dir='ltr'><strong>Biirgen</strong></span> <span class='ocrx_word' id='word_1_374' title='bbox 1172 3972 1227 4026; x_wconf 90' lang='lat' dir='ltr'><strong>in</strong></span> <span class='ocrx_word' id='word_1_375' title='bbox 1264 3971 1560 4043; x_wconf 83' lang='lat' dir='ltr'><strong>Anspruch.</strong></span> <span class='ocrx_word' id='word_1_376' title='bbox 1634 3963 1896 4041; x_wconf 76' lang='lat' dir='ltr'><strong>Ubrigens</strong></span> <span class='ocrx_word' id='word_1_377' title='bbox 1936 3973 2034 4027; x_wconf 87' lang='lat' dir='ltr'><strong>hat</strong></span> <span class='ocrx_word' id='word_1_378' title='bbox 2069 3972 2231 4028; x_wconf 77' lang='lat' dir='ltr'><strong>Ciisar</strong></span> <span class='ocrx_word' id='word_1_379' title='bbox 2266 3974 2435 4028; x_wconf 88' lang='lat' dir='ltr'><strong>selbst</strong></span> <span class='ocrx_word' id='word_1_380' title='bbox 2470 3973 2554 4026; x_wconf 93' lang='lat' dir='ltr'><strong>die</strong></span> <span class='ocrx_word' id='word_1_381' title='bbox 2588 3973 2785 4027; x_wconf 87' lang='lat' dir='ltr'><strong>Schuld</strong></span> <span class='ocrx_word' id='word_1_382' title='bbox 2823 3971 2935 4025; x_wconf 88' lang='lat' dir='ltr'><strong>frei-</strong></span> 
     </span>
     <span class='ocr_line' id='line_1_39' title="bbox 477 4058 1421 4129; baseline 0.002 -17"><span class='ocrx_word' id='word_1_383' title='bbox 477 4059 636 4129; x_wconf 87' lang='lat' dir='ltr'><strong>gebig</strong></span> <span class='ocrx_word' id='word_1_384' title='bbox 670 4076 767 4114; x_wconf 90' lang='lat' dir='ltr'><strong>aus</strong></span> <span class='ocrx_word' id='word_1_385' title='bbox 803 4058 974 4113; x_wconf 89' lang='lat' dir='ltr'><strong>seiner</strong></span> <span class='ocrx_word' id='word_1_386' title='bbox 1007 4059 1174 4114; x_wconf 85' lang='lat' dir='ltr'><strong>Kasse</strong></span> <span class='ocrx_word' id='word_1_387' title='bbox 1208 4061 1421 4129; x_wconf 84' lang='lat' dir='ltr'><strong>getilgt.</strong></span> 
     </span>
    </p>

    <p class='ocr_par' dir='ltr' id='par_1_10' title="bbox 479 4147 2933 4395">
     <span class='ocr_line' id='line_1_40' title="bbox 624 4147 2933 4219; baseline 0 -18"><span class='ocrx_word' id='word_1_388' title='bbox 624 4161 672 4202; x_wconf 81' lang='grc'><strong>4.</strong></span> <span class='ocrx_word' id='word_1_389' title='bbox 716 4147 1025 4217; x_wconf 80' lang='lat' dir='ltr'><strong>Oratorem]</strong></span> <span class='ocrx_word' id='word_1_390' title='bbox 1062 4149 1161 4203; x_wconf 90' lang='lat' dir='ltr'><strong>Die</strong></span> <span class='ocrx_word' id='word_1_391' title='bbox 1197 4148 1394 4203; x_wconf 87' lang='lat' dir='ltr'><strong>Schrift</strong></span> <span class='ocrx_word' id='word_1_392' title='bbox 1433 4147 1670 4215; x_wconf 88' lang='lat' dir='ltr'><strong>„Orator</strong></span> <span class='ocrx_word' id='word_1_393' title='bbox 1704 4148 1773 4202; x_wconf 87' lang='lat' dir='ltr'><strong>ad</strong></span> <span class='ocrx_word' id='word_1_394' title='bbox 1807 4148 1880 4204; x_wconf 68' lang='lat' dir='ltr'><strong>M.</strong></span> <span class='ocrx_word' id='word_1_395' title='bbox 1916 4150 2146 4203; x_wconf 88' lang='lat' dir='ltr'><strong>Brutum</strong></span> <span class='ocrx_word' id='word_1_396' title='bbox 2156 4151 2187 4176; x_wconf 91' lang='lat'><strong>“</strong></span> <span class='ocrx_word' id='word_1_397' title='bbox 2233 4150 2310 4205; x_wconf 88' lang='lat' dir='ltr'><strong>ist</strong></span> <span class='ocrx_word' id='word_1_398' title='bbox 2344 4151 2459 4205; x_wconf 90' lang='lat' dir='ltr'><strong>eine</strong></span> <span class='ocrx_word' id='word_1_399' title='bbox 2493 4150 2808 4219; x_wconf 66' lang='lat' dir='ltr'><strong>Erganzung</strong></span> <span class='ocrx_word' id='word_1_400' title='bbox 2844 4149 2933 4202; x_wconf 82' lang='lat' dir='ltr'><strong>der</strong></span> 
     </span>
     <span class='ocr_line' id='line_1_41' title="bbox 481 4234 2931 4306; baseline 0.002 -18"><span class='ocrx_word' id='word_1_401' title='bbox 481 4234 841 4290; x_wconf 84' lang='lat' dir='ltr'><strong>rhetorischen</strong></span> <span class='ocrx_word' id='word_1_402' title='bbox 877 4235 1141 4291; x_wconf 85' lang='lat' dir='ltr'><strong>Schriften</strong></span> <span class='ocrx_word' id='word_1_403' title='bbox 1176 4237 1400 4292; x_wconf 84' lang='lat' dir='ltr'><strong>Ciceros.</strong></span> <span class='ocrx_word' id='word_1_404' title='bbox 1474 4236 1570 4290; x_wconf 89' lang='lat' dir='ltr'><strong>Ihr</strong></span> <span class='ocrx_word' id='word_1_405' title='bbox 1603 4236 1786 4291; x_wconf 86' lang='lat' dir='ltr'><strong>Inhalt</strong></span> <span class='ocrx_word' id='word_1_406' title='bbox 1829 4238 1906 4293; x_wconf 88' lang='lat' dir='ltr'><strong>ist</strong></span> <span class='ocrx_word' id='word_1_407' title='bbox 1940 4237 2222 4293; x_wconf 84' lang='lat' dir='ltr'><strong>besonders</strong></span> <span class='ocrx_word' id='word_1_408' title='bbox 2258 4239 2342 4293; x_wconf 92' lang='lat' dir='ltr'><strong>die</strong></span> <span class='ocrx_word' id='word_1_409' title='bbox 2376 4239 2543 4293; x_wconf 86' lang='lat' dir='ltr'><strong>Lehre</strong></span> <span class='ocrx_word' id='word_1_410' title='bbox 2578 4254 2695 4292; x_wconf 84' lang='lat' dir='ltr'><strong>vom</strong></span> <span class='ocrx_word' id='word_1_411' title='bbox 2730 4237 2931 4306; x_wconf 79' lang='lat' dir='ltr'><strong>Bhyth·</strong></span> 
     </span>
     <span class='ocr_line' id='line_1_42' title="bbox 479 4323 2930 4395; baseline 0.001 -19"><span class='ocrx_word' id='word_1_412' title='bbox 479 4338 597 4376; x_wconf 87' lang='lat' dir='ltr'><strong>mus</strong></span> <span class='ocrx_word' id='word_1_413' title='bbox 644 4324 751 4377; x_wconf 89' lang='lat' dir='ltr'><strong>und</strong></span> <span class='ocrx_word' id='word_1_414' title='bbox 799 4340 901 4378; x_wconf 80' lang='lat' dir='ltr'><strong>von</strong></span> <span class='ocrx_word' id='word_1_415' title='bbox 952 4324 1053 4379; x_wconf 88' lang='lat' dir='ltr'><strong>den</strong></span> <span class='ocrx_word' id='word_1_416' title='bbox 1098 4324 1369 4393; x_wconf 82' lang='lat' dir='ltr'><strong>eonstigen</strong></span> <span class='ocrx_word' id='word_1_417' title='bbox 1418 4323 1785 4378; x_wconf 87' lang='lat' dir='ltr'><strong>reduerischen</strong></span> <span class='ocrx_word' id='word_1_418' title='bbox 1830 4325 2236 4382; x_wconf 84' lang='lat' dir='ltr'><strong>Kunstmitteln.</strong></span> <span class='ocrx_word' id='word_1_419' title='bbox 2288 4357 2357 4368; x_wconf 88' lang='lat'><strong>—</strong></span> <span class='ocrx_word' id='word_1_420' title='bbox 2406 4326 2636 4395; x_wconf 75' lang='lat' dir='ltr'><strong>iudicii]</strong></span> <span class='ocrx_word' id='word_1_421' title='bbox 2677 4325 2930 4394; x_wconf 80' lang='lat' dir='ltr'><strong>„Urteil“</strong></span> 
     </span>
    </p>
   </div>
   <div class='ocr_carea' id='block_1_5' title="bbox 3086 0 3102 1306">
    <p class='ocr_par' dir='ltr' id='par_1_11' title="bbox 3086 0 3102 1306">
     <span class='ocr_line' id='line_1_43' title="bbox 3086 0 3102 1306; baseline 0 0"><span class='ocrx_word' id='word_1_422' title='bbox 3086 0 3102 1306; x_wconf 95' lang='lat' dir='ltr'><strong> </strong></span> 
     </span>
    </p>
   </div>
  </div>
 </body>
</html>
