3146 4826
889 306 1151 362 Ciceronis
1187 308 1444 378 epistulae
1482 309 1703 362 selectae
1740 307 1933 363 XXXI.
2548 307 2651 369 129

210 469 301 533 fac
342 486 472 532 esse
519 467 765 532 omnia:
829 469 920 532 sic
966 467 1145 532 video
1193 468 1583 552 philosophis
1629 470 1943 552 placuisse
1990 469 2098 546 iis,
2162 471 2273 551 qui
2319 471 2476 535 mihi
2530 471 2648 542 soli

209 575 483 638 videntur
526 574 657 637 vim
717 575 973 638 virtutis
1037 575 1253 639 tenere
1269 623 1286 651 ‚
1344 575 1507 639 nihil
1568 594 1707 640 esse
1771 575 2074 658 sapientis
2136 558 2463 659 praestare
2523 578 2647 642 nisi

205 681 474 763 culpam3
540 699 666 762 qua
712 680 871 744 mihi
917 679 1135 744 videor
1181 680 1517 763 dupliciter
1564 699 1808 757 carere,
1872 683 1937 745 et
1983 681 2152 763 quod
2199 700 2274 747 ea
2322 684 2647 758 senserim,

206 805 353 867 quae
399 787 755 851 rectissima
800 787 1079 862 fuerunt,
1126 787 1192 850 et
1239 787 1425 869 quod,
1472 807 1621 851 cum
1666 787 1946 852 viderem
1991 787 2290 870 praesidii
2328 808 2456 853 non
2489 790 2646 853 satis

204 912 330 957 esse
376 894 452 956 ad
500 912 577 957 ea
638 893 1012 970 obtinenda,
1060 894 1300 958 viribus
1357 893 1734 958 certandum
1796 913 1944 958 cum
2005 895 2459 961 valentioribus
2520 915 2646 960 non

207 1001 480 1082 putarim.
571 1001 741 1081 Ergo
788 1000 854 1063 in
902 999 1104 1064 officio
1152 1000 1300 1064 boni
1347 1000 1501 1064 civis
1558 1001 1730 1064 certe
1792 1018 1918 1064 non
1980 1019 2122 1065 sum
2183 1002 2648 1085 reprehenden-

203 1106 328 1169 dus.
415 1107 762 1187 Reliquum
811 1107 940 1182 est,
1001 1124 1081 1170 ne
1132 1105 1284 1187 quid
1331 1107 1559 1182 stulte,
1621 1125 1699 1170 ne
1749 1106 1902 1188 quid
1964 1108 2202 1172 temere
2265 1108 2472 1172 dicam
2536 1113 2649 1173 aut

204 1213 414 1277 faciam
460 1215 685 1277 contra
742 1214 1074 1295 potentes;
1138 1211 1204 1275 id
1267 1230 1518 1293 quoque
1582 1214 1739 1294 puto
1801 1230 1940 1277 esse
2004 1212 2328 1297 sapientis.
2420 1214 2648 1280 Cetera

205 1339 364 1396 vem,
424 1319 577 1402 quid
641 1319 909 1400 quisque
972 1337 1074 1383 me
1138 1318 1368 1382 dixisse
1433 1318 1604 1382 dicat
1659 1320 1773 1382 aut
1821 1338 1945 1400 quo
1991 1319 2177 1385 modo
2224 1321 2330 1385 ille
2379 1322 2648 1406 accipiat

200 1429 309 1489 aut
351 1444 473 1507 qua
518 1425 641 1489 fide
688 1443 941 1490 mecum
987 1425 1208 1489 vivant
1251 1425 1325 1502 ii,
1390 1426 1500 1507 qui
1560 1444 1662 1489 me
1726 1425 1989 1491 adsidue
2053 1427 2267 1491 colunt
2324 1430 2389 1492 et
2435 1430 2648 1493 obser-

201 1535 359 1609 vant,
401 1534 728 1615 praestare
773 1551 904 1596 non
949 1551 1228 1615 possum.
1300 1531 1405 1596 Ita
1449 1532 1540 1608 fit,
1589 1534 1663 1596 ut
1710 1534 1775 1597 et
1807 1533 2214 1597 consiliorum
2247 1534 2644 1616 superiorum
2667 1553 2697 1595 s

198 1639 569 1703 conscientia
646 1640 711 1702 et
784 1639 1139 1722 praesentis
1209 1639 1511 1721 temporis
1572 1638 2004 1703 moderatione
2067 1658 2169 1703 me
2231 1639 2519 1704 consoler
2580 1643 2646 1704 et

198 1745 364 1809 illam
407 1745 583 1809 Accii
631 1744 1114 1810 similitudinem
1161 1763 1288 1808 non
1345 1744 1593 1827 [modo]
1658 1745 1787 1809 iam
1849 1744 1931 1809 ad
1992 1744 2327 1822 invidiam,
2390 1745 2500 1810 sed
2564 1746 2644 1810 ad

196 1851 504 1915 fortunam
555 1850 957 1928 transferam,
1008 1869 1201 1933 quam
1245 1851 1535 1915 existimo
1565 1851 1773 1916 levem
1807 1852 1871 1915 et
1902 1851 2289 1916 imbecillam
2320 1853 2399 1917 ab
2432 1852 2643 1917 animo

192 1957 366 2021 firmo
413 1960 477 2022 et
523 1958 702 2041 gravi
749 1959 1084 2040 tamquam
1131 1956 1402 2021 fluctum
1449 1976 1487 2021 a
1535 1976 1684 2022 saxo
1732 1956 1938 2040 frangi
1993 1959 2297 2041 oportere.
2388 1959 2643 2023 Etenim

191 2084 336 2129 cum
376 2066 563 2148 plena
611 2065 740 2128 sint
785 2065 1203 2128 monumenta
1251 2063 1667 2141 Graecorum,
1724 2083 1913 2145 quem
1961 2064 2043 2128 ad
2089 2064 2348 2128 modum
2396 2066 2643 2149 sapien·

192 2171 414 2235 tissimi
460 2171 577 2235 viri
625 2188 823 2252 regna
870 2171 1137 2235 tulerint
1182 2172 1283 2235 vel
1314 2171 1584 2235 Athenis
1630 2171 1733 2235 vel
1773 2169 2123 2253 SyracusiS,
2172 2190 2319 2234 cum
2365 2172 2642 2236 servien-

189 2365 285 2434 sic]
325 2382 384 2419 zu
414 2366 712 2435 placuisse.
777 2365 903 2420 Dies
930 2365 1160 2420 Verbum
1199 2365 1327 2419 wird
1363 2382 1521 2433 gerne
1560 2381 1658 2419 von
1696 2366 1796 2420 den
1834 2365 2124 2421 Ansichten
2161 2366 2253 2420 der
2288 2364 2639 2437 Philosophon

187 2455 484 2522 gebraucht.
525 2487 590 2492 —
630 2456 741 2509 vim
776 2456 1007 2509 virtutis
1042 2454 1245 2523 tenere]
1286 2455 1423 2522 „das
1449 2455 1640 2509 Wesen
1679 2455 1772 2509 der
1805 2455 2022 2523 Tugend
2059 2455 2288 2510 erfassen
2303 2456 2352 2509 “.
2389 2489 2462 2500 --
2495 2455 2644 2509 nihil

183 2550 460 2611 praestare
496 2545 607 2599 nisi
644 2544 887 2613 wlpam]
925 2543 1025 2597 Die
1062 2543 1409 2597 Akademiker
1443 2543 1654 2599 lehrten
1690 2544 1793 2598 seit
1828 2544 2125 2598 Arcesilaus
2141 2587 2153 2610 ‚
2205 2561 2261 2597 es
2309 2545 2439 2611 gebe
2491 2544 2640 2598 keine

187 2631 585 2701 Vorstellungen
624 2631 1265 2709 undWahrnehmungen
1279 2674 1291 2698 ,
1330 2632 1413 2686 die
1450 2633 1535 2686 ein
1572 2632 1799 2686 sicheres
1837 2632 2056 2686 Zeichen
2094 2632 2236 2686 ihrer
2271 2633 2640 2687 Wirklichkeit

185 2720 394 2787 hatten3
447 2720 700 2774 demnach
747 2726 924 2774 miisse
974 2720 1066 2773 der
1102 2720 1320 2774 Mensoh
1365 2721 1468 2774 mit
1503 2721 1697 2774 seinem
1734 2720 1908 2775 Urteil
1946 2721 2336 2774 zuriickhalten.
2410 2720 2478 2774 So
2516 2725 2639 2789 sagt

185 2810 313 2862 auch
348 2811 461 2863 hier
496 2809 601 2864 Cic.
620 2852 632 2876 ‚
684 2809 776 2863 der
810 2810 1029 2862 Mensch
1079 2809 1248 2862 konne
1298 2809 1381 2862 fiir
1427 2809 1606 2862 nichts
1657 2808 1827 2862 sicher
1863 2810 2123 2863 eintreten
2139 2852 2152 2875 ,
2203 2808 2319 2862 weil
2355 2825 2413 2862 er
2444 2809 2502 2877 ja
2537 2826 2638 2862 nur

185 2899 438 2967 subjektiv
454 2941 466 2964 ‚
516 2898 652 2952 nach
701 2899 871 2952 seiner
920 2898 1356 2965 unzulfinglichen
1413 2897 1800 2965 Anschauung‚
1851 2897 2000 2951 nicht
2047 2897 2277 2965 objektiv
2326 2897 2504 2965 giiltig
2552 2898 2637 2950 ein

184 2986 351 3040 Urteil
379 2987 614 3056 abgeben
640 2987 823 3040 kdnne.
880 2987 999 3040 Nur
1026 2986 1186 3040 dafiir
1220 2986 1390 3040 konne
1418 2985 1526 3039 und
1553 2990 1728 3039 miisse
1755 3002 1812 3039 er
1838 2986 2115 3052 eintreten,
2154 2984 2270 3038 dass
2307 3002 2364 3038 er
2400 2984 2512 3038 sich
2546 3003 2638 3038 vor

157 3068 372 3129 'Schuld
408 3076 646 3129 bewahre
682 3076 989 3145 (praestare
1027 3077 1285 3145 culpam).
1325 3106 1392 3114 -
1430 3076 1642 3130 viribus
1679 3075 2006 3129 certandum
2041 3074 2165 3143 etc]
2202 3074 2395 3128 Diesen
2432 3072 2638 3128 Grund-

183 3168 290 3218 satz
341 3165 434 3218 der
481 3165 794 3234 politischen
844 3165 1161 3232 Entsagung
1209 3164 1308 3217 hat
1344 3163 1449 3218 Cic.
1499 3163 1635 3217 auch
1683 3165 1837 3234 epist.
1875 3163 1980 3217 XII
1998 3206 2011 3230 ‚
2063 3164 2133 3218 15
2151 3166 2172 3222 (
2181 3164 2266 3228 18)
2312 3162 2447 3217 nach
2482 3164 2635 3216 Plato

178 3254 609 3324 ausgesprochen.
683 3254 755 3307 Es
790 3254 866 3307 ist
905 3253 1145 3307 dasselbe
1162 3296 1173 3318 ‚
1226 3269 1332 3305 was
1368 3253 1573 3305 Ismene
1624 3253 1680 3306 in
1716 3253 1876 3322 Soph.
1914 3252 2041 3306 Ant.
2081 3253 2149 3306 67
2164 3252 2199 3305 f.
2237 3250 2534 3322 empfiehlt:
2574 3255 2636 3304 τὸ

181 3346 283 3414 γὰρ
320 3345 559 3415 περισσὰ
600 3345 871 3416 πράσσειν
912 3344 1008 3395 οὐκ
1045 3343 1157 3411 ἔχει
1194 3352 1328 3395 νοῦν
1365 3341 1584 3395 οὐδένα.
1626 3370 1692 3379 -
1731 3341 1795 3393 in
1830 3339 2039 3407 officio]
2089 3340 2467 3406 „hinsichtlich
2485 3381 2498 3405 ‚
2549 3341 2642 3392 auf

177 3431 292 3484 dem
330 3429 549 3484 Gebiete
588 3430 773 3484 dessen
790 3473 803 3496 ‚
840 3447 947 3483 was
986 3429 1068 3483 die
1105 3429 1299 3482 Pflicht
1334 3429 1652 3482 erfordert“.
1693 3459 1759 3467 -—
1798 3428 2098 3496 Reliquum
2133 3434 2240 3495 est,
2290 3427 2377 3495 nc]
2431 3428 2635 3481 bezieht

178 3520 288 3572 sich
341 3519 435 3572 auf
486 3518 570 3572 die
624 3522 765 3572 erste
813 3518 1007 3571 Pfiicht
1053 3519 1194 3571 eines
1244 3517 1453 3571 Weisen
1469 3560 1482 3583 ,
1539 3518 1761 3585 eulpam
1808 3522 2117 3584 praestare.
2203 3515 2413 3569 Nachst
2466 3516 2634 3568 dieser

177 3607 386 3671 „bleibt
423 3624 525 3660 nur
560 3607 693 3660 noch
730 3607 814 3660 die
850 3607 1060 3660 weitere
1096 3605 1375 3674 Aufgabe“
1415 3606 1656 3672 (deshalb
1692 3621 1776 3672 ne,
1813 3605 1964 3659 nicht
1998 3610 2067 3659 ut
2100 3605 2236 3669 non)
2272 3622 2323 3658 u.
2364 3620 2404 3659 s.
2435 3621 2496 3657 W.

320 3708 366 3749 6.
407 3696 567 3751 Accii
585 3695 1034 3762 similitudinem]
1066 3695 1203 3762 „das
1223 3692 1491 3748 Gleiohnis
1519 3711 1615 3747 aus
1633 3694 1883 3748 Accius“.
1941 3693 2207 3747 Wahrend
2226 3693 2395 3746 dieser
2413 3710 2514 3746 nur
2532 3710 2632 3746 von

174 3784 263 3838 der
303 3783 513 3850 Gefahr,
552 3785 636 3838 die
673 3784 839 3837 durch
877 3784 977 3838 den
1005 3784 1058 3837 N
1058 3784 1143 3837 eid
1180 3783 1273 3836 der
1299 3783 1583 3837 Menschen
1612 3783 1786 3849 droht,
1824 3782 2143 3852 gesprochen
2176 3781 2345 3848 hatte,
2384 3781 2631 3850 verallge-

174 3874 396 3927 meinert
417 3873 556 3940 jetzt
582 3872 686 3927 Cic.
716 3873 815 3927 den
836 3872 1141 3942 Ausspruch
1171 3871 1278 3925 und
1308 3872 1415 3925 will
1442 3871 1534 3924 ihn
1562 3872 1658 3924 auf
1680 3871 1775 3924 das
1795 3869 1964 3925 Gliick
1990 3870 2289 3941 iiberhaupt
2316 3871 2629 3939 iibertragen

174 3962 373 4016 wissen.
446 3962 576 4015 Dies
612 3962 687 4015 ist
722 3961 1095 4030 wankelmiitig
1130 3961 1238 4014 und
1275 3960 1532 4028 hinfifflig,
1570 3961 1712 4013 kann
1749 3960 1875 4013 aber
1910 3977 2009 4013 von
2046 3960 2212 4014 einem
2249 3961 2464 4014 star-ken
2501 3959 2629 4012 Sinn

173 4051 486 4119 bezwungen
536 4050 740 4104 werden
757 4092 769 4116 ,
818 4050 935 4103 weil
984 4067 1048 4103 an
1087 4050 1197 4104 ihm
1234 4050 1336 4103 alle
1373 4048 1595 4116 Schlage
1645 4049 1930 4118 abprallen.
1971 4079 2038 4087 —
2085 4048 2307 4102 Etenim
2346 4065 2469 4103 cwm
2505 4049 2627 4113 etc]

173 4138 267 4192 Ein
306 4138 690 4208 Argumentum
726 4155 789 4192 ex
824 4139 1100 4193 contrarie.
1140 4165 1207 4176 --
1244 4137 1621 4206 monumenta]
1671 4137 1786 4190 hier
1833 4154 1933 4191 von
1969 4136 2521 4190 Schriftdenkmalern.
2561 4167 2630 4174 —

171 4228 360 4297 regma]
429 4228 502 4281 im
570 4227 883 4296 gehiissigen
938 4227 1096 4281 Sinne
1152 4227 1244 4280 des
1307 4226 1599 4280 romischen
1653 4218 2097 4296 Republikaners:
2170 4225 2635 4293 „Tyrannenherr-

171 4316 464 4371 schaften“.
523 4346 593 4353 -
650 4317 735 4369 vel
782 4315 1017 4370 Athenis
1070 4317 1154 4371 vel
1198 4314 1514 4386 Syracusis]
1564 4314 1812 4367 Sokrates
1867 4317 2025 4368 unter
2080 4314 2179 4367 den
2228 4315 2298 4367 30
2335 4313 2633 4381 Tyr-annon,

274 4404 545 4459 Crcsaoms
583 4420 861 4457 nprs'rums
898 4420 1161 4458 snmoms.
2144 4392 2199 4454 '9
