3146 4826
737 334 996 390 Ciceronis
1032 337 1290 406 epistulae
1328 338 1549 391 selectae
1584 338 1880 393 xxxvm.
1917 338 2159 393 xxm.
2576 338 2678 398 159

207 495 366 572 fore,
417 496 583 577 quod
632 515 750 561 nec
796 515 945 561 eum
977 497 1274 575 dolorem,
1323 516 1513 579 quem
1563 517 1597 563 e
1643 517 1711 562 re
1744 500 1998 582 publica
2030 501 2224 583 capi0,
2271 501 2497 566 domus
2542 502 2672 566 iam

208 603 526 666 consolari
571 605 785 685 potest
827 622 946 668 nec
994 604 1417 669 domesticum
1463 623 1566 669 res
1615 605 1885 688 publica.

394 707 533 787 Quo
587 710 795 791 magis
851 711 917 775 te
974 714 1268 793 exspecto
1324 713 1517 792 teque
1584 712 1797 776 videre
1864 731 2061 793 quam
2122 714 2402 796 primum
2457 716 2669 798 cupio:
2698 733 2721 774 3

209 815 423 879 maius
468 816 629 879 mihi
676 817 984 881 solacium
1040 816 1284 881 adferre
1339 818 1520 882 nulla
1581 818 1744 881 ratio
1798 821 2012 901 potest
2066 837 2260 900 quam
2317 821 2671 885 coniunctio

211 921 692 985 consuetudinis
725 941 1219 1004 sermonumque
1250 927 1647 997 nostrorum;
1698 942 2089 1005 quamquam
2121 926 2455 1007 sperabam
2485 928 2671 990 tuum

213 1028 562 1091 adventum
611 1065 693 1074 —
744 1029 834 1093 sic
889 1030 1058 1093 enim
1114 1029 1449 1094 audiebam
1510 1066 1591 1077 —-
1650 1030 2171 1113 appropinquare.
2262 1031 2396 1113 Ego
2456 1034 2670 1096 autem

211 1153 359 1198 cum
405 1135 628 1198 multis
676 1134 754 1199 de
802 1136 1012 1200 causis
1059 1138 1124 1200 te
1172 1139 1397 1219 exopto
1446 1155 1641 1218 quam
1674 1137 1952 1219 primum
1999 1137 2228 1213 videre,
2275 1140 2414 1201 tum
2457 1139 2671 1212 etiam,

208 1242 284 1304 ut
331 1243 479 1305 ante
528 1244 1034 1306 commentemur
1079 1243 1249 1306 inter
1293 1261 1439 1318 nos,
1497 1261 1625 1323 qua
1671 1243 1914 1307 ratione
1968 1243 2149 1307 nobis
2203 1244 2667 1309 traducendum

209 1349 294 1411 sit
339 1348 477 1411 hoc
522 1349 854 1430 tempus,
912 1348 1105 1429 quod
1154 1349 1273 1412 est
1316 1352 1564 1412 totum
1613 1349 1704 1413 ad
1751 1350 1979 1413 unius
2025 1350 2504 1414 voluntatem
2552 1370 2671 1415 ac-

207 1453 832 1518 commodandum
880 1456 955 1518 et
998 1454 1404 1537 prudentis
1462 1457 1535 1519 et
1589 1456 1944 1519 liberalis
2001 1457 2101 1531 et,
2158 1458 2233 1520 ut
2274 1458 2668 1540 perspexisse

205 1560 441 1635 videor,
486 1578 624 1623 nec
672 1578 710 1623 a
755 1578 865 1623 me
914 1560 1148 1624 alieni
1194 1562 1270 1624 et
1315 1561 1458 1652 1311ζί
1504 1562 1978 1625 amicissimi.
2047 1560 2232 1640 Quod
2265 1580 2411 1625 cum
2441 1563 2535 1626 ita
2566 1564 2668 1632 sit.

205 1683 478 1747 magnae
525 1668 746 1729 tamen
779 1668 877 1730 est
910 1666 1398 1743 deliberationis,
1450 1686 1614 1748 quae
1661 1668 1825 1731 ratio
1875 1668 1961 1731 sit
1989 1668 2269 1731 ineunda
2298 1669 2497 1748 nobis,
2542 1688 2668 1733 non

204 1771 438 1853 agendi
486 1771 746 1853 aliquid,
796 1772 909 1835 sed
955 1773 1127 1836 illius
1175 1790 1478 1837 concessu
1526 1775 1593 1837 et
1636 1773 1939 1837 beneficio
1988 1773 2368 1854 quiescendi.
2444 1774 2623 1839 Vale.

989 1949 1263 2013 XXXIX
1310 1953 1408 2026 (ad
1438 1955 1570 2014 fam.
1609 1957 1771 2026 XIII,
1804 1956 1889 2029 8).

758 2053 865 2108 Sor.
904 2053 1101 2108 Romae
1137 2071 1313 2108 mense
1349 2053 1567 2109 Octobri
1604 2071 1652 2108 a.
1692 2072 1741 2108 u.
1780 2071 1822 2108 c.
1865 2056 1968 2110 709
2004 2056 2133 2122 (45).

718 2144 822 2219 M.
880 2144 1247 2220 CICERO
1302 2145 1404 2220 M.
1462 2143 1887 2220 RUTILIO
1944 2143 2158 2221 SAL.

387 2265 552 2332 Cum
609 2269 676 2331 et
728 2268 888 2331 mihi
944 2270 1233 2333 conscius
1290 2288 1522 2346 essem,
1581 2269 1804 2351 quanti
1867 2272 1931 2333 te
1996 2269 2298 2345 facerem,
2365 2272 2430 2334 et
2485 2272 2714 2334 tuamt

199 2393 359 2457 erga
406 2393 508 2438 me
555 2375 1063 2440 benevolentiam
1113 2378 1409 2459 expertus
1459 2394 1684 2453 essem,
1732 2394 1858 2440 non
1906 2375 2191 2442 dubitavi
2239 2394 2276 2441 a
2322 2378 2387 2441 te
2433 2379 2665 2460 petere,

199 2482 378 2563 quod
424 2481 584 2545 mihi
629 2482 977 2564 petendum
1025 2486 1211 2547 esset.

352 2671 401 2712 3.
438 2658 602 2711 nulla
626 2658 798 2724 ratio]
838 2658 1128 2724 „keinerlei
1154 2658 1512 2727 Erwaguug“.
1546 2685 1611 2694 -
1650 2674 1983 2727 quamquam
2016 2659 2326 2727 sperabam]
2361 2659 2540 2713 bricht
2566 2659 2665 2713 den

196 2746 665 2813 vorhergehenden
702 2745 937 2799 Wunsch
973 2748 1068 2800 ab:
1124 2747 1409 2813 „indessen
1458 2746 1544 2799 ich
1595 2746 1714 2800 darf
1754 2746 1812 2815 ja
1847 2746 2080 2800 hoffen“.
2154 2747 2253 2800 Die
2290 2746 2537 2800 Zeitform
2573 2747 2664 2801 des

195 2835 472 2888 Briefstils
503 2835 752 2888 wechselt
778 2834 958 2903 haufig
984 2835 1086 2889 mit
1110 2838 1202 2888 der
1230 2836 1323 2889 der
1348 2835 1738 2903 gewiihnlichen
1765 2835 1925 2889 Rede.
1956 2866 2024 2874 —
2052 2835 2206 2902 ante]
2237 2834 2287 2889 d.
2308 2835 2361 2888 11.
2389 2836 2546 2888 bever
2573 2835 2666 2887 wir

194 2924 511 2977 bestimmte
536 2923 882 2977 Entschliisse
918 2925 1047 2977 iiber
1083 2941 1242 2978 unser
1277 2923 1561 2977 Verhalten
1600 2925 1895 2992 gegeniiber
1931 2923 2024 2977 der
2053 2924 2282 2991 jetzigen
2319 2923 2457 2990 Lago
2493 2923 2665 2976 fassen

195 3012 341 3080 (qua
378 3012 599 3066 ratione
633 3013 793 3066 nobis
829 3011 1237 3067 traducendwn
1271 3012 1345 3067 sit
1380 3014 1480 3068 hoe
1507 3015 1757 3081 tempus).
1797 3043 1864 3051 —
1903 3011 2281 3079 commentari]
2318 3011 2482 3065 heisst
2515 3012 2666 3065 nicht

199 3143 232 3166 ‚,
246 3101 509 3167 erklaren,
547 3101 857 3168 auslegen“,
894 3101 990 3155 wie
1026 3102 1098 3154 im
1127 3107 1370 3172 spateren
1398 3102 1602 3164 Latein‚
1640 3101 1865 3155 sondern
1903 3102 2101 3155 seinem
2125 3101 2504 3154 Wortstamme
2530 3101 2665 3155 nach

199 3191 549 3258 ‚,iiberlegen‚
585 3189 932 3257 iiberdenken,
972 3191 1084 3244 sich
1122 3191 1443 3244 verbereiten
1479 3191 1575 3243 auf
1584 3191 1632 3243 “.
1705 3190 1826 3257 Vgl.
1864 3190 2015 3243 Tusc.
2054 3190 2097 3255 I,
2135 3189 2168 3256 ξ
2206 3190 2304 3243 74:
2358 3192 2518 3256 „tota
2551 3190 2666 3259 phi-

196 3279 543 3348 losophorum
579 3279 692 3331 vita
718 3279 1088 3332 commentatio
1124 3280 1311 3332 mortis
1339 3281 1473 3333 est“.
1546 3279 1668 3346 Vgl.
1698 3278 1832 3332 auch
1868 3278 2312 3333 commentariwn
2347 3277 2486 3344 (ms)
2515 3278 2666 3345 „Me-

196 3368 421 3432 mosten,
459 3366 640 3421 Abriss
656 3409 669 3432 ‚
707 3367 1046 3435 Tagebuch“.
1087 3397 1158 3406 —
1184 3367 1488 3437 prudentis
1535 3367 1660 3435 etc]
1699 3367 1774 3419 Zu
1811 3366 2004 3420 diesem
2038 3367 2145 3420 Lob
2190 3366 2266 3419 ist
2302 3366 2435 3419 noch
2481 3383 2543 3419 zu
2580 3367 2665 3419 be-

195 3457 416 3509 merken
431 3498 444 3520 ‚
495 3455 614 3509 dass
652 3454 817 3510 011881-
867 3458 948 3510 9111
987 3456 1417 3510 Trostschreiben
1453 3456 1699 3522 (litteras
1735 3455 2131 3510 consolatorias
2178 3454 2296 3508 Att.
2337 3455 2422 3519 13,
2470 3454 2561 3514 20)
2597 3469 2665 3506 an

196 3543 385 3598 Cicero
421 3560 518 3598 ans
552 3544 792 3614 Hispalis
827 3545 1061 3612 (Sevilla)
1099 3545 1346 3598 schickte.

1270 3684 1612 3748 XXXIX.

553 3791 627 3846 M.
666 3790 842 3846 Cicero
877 3792 1055 3859 griisst
1092 3791 1192 3844 den
1227 3791 1300 3845 M.
1337 3791 1590 3845 Rutilius.
1663 3790 1814 3856 Rom,
1852 3791 1924 3843 im
1961 3788 2193 3844 Oktober
2228 3787 2314 3842 45.

191 3892 770 3954 Sehwierigkeiten
794 3891 904 3942 bei
931 3892 1045 3942 der
1073 3889 1578 3952 Dmchffihrung
1604 3904 1733 3941 von
1751 3889 1982 3940 Ofisars
2011 3889 2287 3940 sozialen
2303 3888 2661 3940 Beformen.

344 3985 449 4039 Um
501 3987 586 4040 die
635 3987 765 4040 Zahl
827 3986 920 4040 der
968 3986 1176 4039 kleinen
1211 3986 1420 4040 Bauern
1469 4002 1532 4038 zu
1584 3984 1886 4038 vermehren
1936 3984 2045 4037 und
2093 3983 2327 4037 dadurch
2374 3984 2663 4049 gesiindere

191 4092 221 4127 s
239 4074 467 4129 oziale
492 4074 913 4128 Verbaltnis
928 4091 996 4128 se
1022 4074 1469 4139 herbeizuffihren,
1497 4072 1618 4127 liess
1646 4072 1809 4127 Casar
1835 4072 1965 4126 alles
1990 4073 2232 4127 italische
2250 4071 2661 4138 Domanenland‚

190 4164 295 4217 das
335 4163 450 4216 sich
488 4181 604 4217 zum
641 4162 913 4217 Ackerbau
949 4163 1154 4232 eignete
1167 4204 1180 4229 ‚
1227 4163 1439 4216 ablosen
1475 4162 1588 4215 und
1622 4161 1871 4215 verteilen
1889 4203 1901 4227 ,
1947 4161 2048 4214 mit
2084 4161 2176 4213 der
2210 4159 2661 4229 Einschriinkung,

191 4252 320 4305 dass
361 4251 444 4305 die
471 4251 801 4322 Empfanger,
839 4252 998 4305 meist
1023 4251 1336 4323 Vetmanen,
1373 4251 1487 4304 ihre
1516 4248 1685 4304 Giiter
1720 4253 1834 4303 erst
1868 4249 2003 4303 nach
2030 4250 2101 4303 20
2127 4249 2161 4302 J
2163 4249 2324 4302 ahren
2362 4248 2661 4302 veraussern

191 4340 432 4394 dursten.
503 4340 625 4408 Vgl.
663 4341 816 4409 epist.
853 4340 918 4406 V,
956 4339 1019 4405 43
1056 4340 1150 4406 VI,
1187 4341 1221 4394 2
1258 4357 1309 4394 u.
1349 4340 1529 4406 Anm.;
1567 4338 1686 4405 XII,
1726 4339 1761 4393 5
1795 4339 1873 4405 (8)
1908 4355 1960 4392 11.
1999 4337 2151 4391 Α11111.
2217 4336 2375 4390 Hand
2410 4337 2467 4390 in
2501 4336 2661 4390 Hand
