3146 4826
525 347 595 407 76
1262 349 1520 403 Ciceronis
1557 350 1815 418 epistulae
1853 348 2073 402 selectae
2109 347 2250 402 XIV.

527 510 698 574 omni
739 510 1009 590 denique
1041 509 1349 573 varietate
1395 509 1760 574 litterarum
1809 528 2117 585 mearum,
2164 512 2229 573 te
2275 528 2402 573 non
2448 509 2634 573 modo
2680 509 2774 586 iis,
2822 527 2967 590 quos

526 615 939 693 vidissemuS,
1002 615 1114 679 sed
1159 615 1267 691 iis,
1331 616 1407 679 de
1457 616 1688 697 quibus
1739 615 2137 679 audissemus
2157 664 2171 692 ,
2234 616 2526 679 omnibus
2583 615 2969 680 anteferrem.

444 743 501 784 13
528 720 808 800 Quaeres
856 721 1123 785 fortasse
1142 769 1157 798 ,
1207 720 1359 802 quid
1406 723 1491 785 sit
1539 722 1707 802 quod
1757 741 1870 803 ego
1917 722 2036 786 hoc
2081 723 2291 786 nescio
2340 722 2492 803 quid
2540 722 2970 803 gratulationis

526 829 592 892 et
637 828 891 892 honoris
940 847 977 891 a
1024 830 1252 891 senatu
1313 829 1479 892 tanti
1541 829 1893 893 aestimem.
1983 831 2189 910 Agam
2249 830 2380 892 iam
2440 831 2654 893 tecum
2715 828 2971 893 familia-

523 936 705 1011 riter,
750 936 827 998 ut
873 936 972 998 est
1019 937 1083 998 et
1130 934 1358 998 studiis
1408 936 1472 999 et
1517 934 1737 999 officiis
1782 935 2018 999 nostris
2066 937 2308 999 mutuis
2357 938 2422 999 et
2469 954 2722 999 summa
2770 936 2971 999 amici-

524 1042 617 1105 tia
664 1041 930 1122 dignum
976 1043 1043 1105 et
1086 1041 1559 1106 necessitudine
1594 1041 1790 1105 etiam
1820 1043 2104 1123 paterna.
2185 1041 2254 1105 Si
2302 1042 2643 1122 quisquam
2682 1040 2808 1105 fuit
2844 1060 2975 1104 um-

527 1165 722 1228 quam
767 1148 1050 1211 remotus
1100 1149 1165 1210 et
1210 1148 1447 1211 natura
1494 1149 1558 1211 et
1603 1147 1810 1228 magis
1858 1147 2070 1223 etiam,
2119 1150 2192 1210 ut
2238 1147 2396 1210 mihi
2443 1137 2699 1229 quidem
2749 1148 2975 1212 sentire

525 1253 756 1330 videor,
803 1253 1048 1317 ratione
1100 1255 1292 1333 atque
1340 1252 1627 1317 doctrina
1673 1254 1751 1317 ab
1799 1235 1996 1316 inani
2018 1252 2207 1316 laude
2256 1256 2321 1317 et
2363 1254 2760 1317 sermonibus
2793 1254 2977 1334 vulgi,

525 1378 640 1441 ego
685 1357 967 1441 profecto
1014 1360 1069 1423 is
1118 1378 1278 1423 sum.
1370 1360 1576 1424 Testis
1625 1362 1725 1423 est
1773 1360 2142 1424 consulatus
2201 1379 2414 1436 meus,
2475 1361 2542 1423 in
2602 1380 2724 1442 quo
2743 1409 2758 1437 ,
2820 1362 2980 1426 sicut

523 1453 590 1528 111
636 1466 884 1547 reliqua
931 1466 1095 1542 vita,
1157 1464 1362 1530 fateor
1409 1484 1484 1529 ea
1529 1484 1631 1529 me
1680 1466 1962 1530 studiose
2019 1469 2341 1543 secutum,
2408 1486 2482 1530 ex
2545 1468 2778 1547 quibus
2839 1486 2976 1531 vera·

527 1572 727 1654 gloria
771 1573 951 1636 nasci
996 1574 1241 1655 posset,
1302 1572 1507 1654 ipsam
1558 1570 1817 1652 quidem
1864 1572 2132 1652 gloriam
2178 1591 2289 1654 per
2337 1592 2404 1636 se
2451 1592 2810 1654 numquam
2870 1593 2975 1655 pu-

523 1678 655 1742 tavi
717 1678 1152 1761 expetendam.
1257 1678 1487 1759 Itaque
1552 1681 1617 1742 et
1677 1679 2067 1760 provinciam
2128 1682 2421 1742 ornatam
2482 1682 2548 1743 et
2609 1699 2792 1762 spem
2861 1700 2976 1743 non

525 1784 786 1848 dubiam
840 1785 1151 1867 triumphi
1211 1784 1492 1866 neglexi,
1556 1784 1980 1849 sacerdotium
2044 1786 2313 1867 denique
2331 1835 2345 1864 ‚
2409 1806 2554 1850 cum
2571 1834 2585 1863 ,
2649 1805 2845 1867 quem
2903 1786 2977 1849 ad

524 1891 787 1954 modum
835 1892 899 1954 te
948 1891 1311 1954 existimare
1372 1891 1673 1967 arbitror,
1734 1910 1861 1955 non
1924 1891 2288 1956 difficillime
2353 1894 2653 1974 consequi
2714 1911 2982 1975 possem,

524 2014 652 2059 non
699 1996 993 2078 appetivi.
1082 1995 1263 2059 Idem
1318 1999 1503 2078 post
1561 1997 1952 2061 iniuriam
2015 2000 2467 2080 acceptam,
2531 2018 2725 2080 quam
2776 2003 2850 2063 tu
2892 1999 2979 2063 rei

523 2101 813 2184 publicae
861 2102 1299 2166 calamitatem
1348 2121 1597 2185 semper
1644 2104 1946 2186 appellas,
1993 2122 2205 2168 meam
2249 2123 2376 2168 non
2421 2106 2607 2169 modo
2651 2124 2785 2169 uon
2824 2106 2978 2170 cala-

524 2400 729 2456 Ciceros
764 2401 821 2455 111
848 2400 1199 2469 griechischer
1227 2401 1453 2471 Sprache
1492 2419 1533 2456 s.
1572 2403 1727 2473 epist.
1756 2402 1819 2469 V,
1853 2403 1935 2457 10.
1976 2435 2044 2442 —
2082 2405 2230 2458 omni
2269 2405 2500 2475 denique
2536 2406 2808 2462 varietate
2845 2407 2975 2461 litte·

523 2488 742 2557 rarum]
782 2490 950 2556 „kurz
986 2490 1043 2543 in
1070 2490 1209 2544 allen
1235 2491 1439 2544 meinen
1466 2492 1901 2560 mannigfaltigen
1930 2493 2477 2548 schriftstellerischen
2503 2496 2886 2563 Leistungen“.
2914 2525 2973 2532 —-

524 2577 864 2646 vidissemus]
902 2578 1170 2632 Wahrend
1205 2579 1451 2633 videmus
1486 2580 1749 2634 bekannte
1777 2579 2108 2634 Thatsachen
2141 2581 2235 2635 der
2260 2582 2684 2651 Vergangenheit
2710 2601 2811 2638 aus
2837 2585 2976 2638 frem-

526 2666 619 2720 der
652 2656 1051 2732 Uberlieferung
1086 2667 1343 2733 einffihrt,
1394 2668 1696 2721 bezeichnet
1741 2668 1889 2737 vidi,
1936 2669 2182 2724 vidimus
2217 2688 2319 2723 nur
2355 2672 2466 2725 eine
2503 2689 2599 2726 aus
2635 2673 2848 2740 eigener
2882 2672 2976 2725 An-

525 2755 797 2822 schauung
833 2754 957 2808 oder
991 2755 1241 2809 vielmehr
1279 2772 1375 2809 aus
1413 2756 1644 2823 eigenem
1679 2756 1722 2808 E
1738 2758 1841 2810 rle
1856 2758 1890 2809 b
1905 2775 1940 2810 n
1956 2758 1974 2811 i
1989 2774 2015 2810 s
2051 2759 2352 2828 geschopfte
2388 2760 2650 2814 Kenntnis
2689 2763 2979 2830 gegeniiber

525 2843 854 2899 audivimus.

676 2945 752 2987 13.
792 2934 891 2987 hoc
927 2934 1107 2988 nescio
1134 2934 1294 3002 quid]
1331 2935 1405 2987 im
1434 2932 1757 3002 Gegensatze
1786 2952 1848 2988 zu
1878 2937 2039 3002 tanti,
2071 2953 2157 2989 um
2186 2937 2280 2990 das
2309 2937 2581 3005 angeblich
2611 2936 2980 3007 Geringfiigige

525 3021 617 3073 der
664 3021 896 3074 Dankes-
933 3022 1041 3074 und
1075 3021 1557 3090 Ehrenbezeugung
1594 3023 2011 3077 auszudriicken:
2067 3067 2096 3090 „
2111 3025 2222 3078 dies
2260 3026 2558 3080 bifschen“.
2611 3057 2678 3064 -—
2725 3029 2978 3096 yratula-

524 3108 717 3176 tionis]
766 3099 910 3163 Uber
946 3110 1028 3162 die
1065 3109 1381 3178 Bedeutung
1418 3127 1458 3164 s.
1500 3128 1562 3163 zu
1600 3112 1754 3181 epist.
1794 3112 1867 3178 X,
1909 3113 1956 3166 1.
2034 3112 2275 3167 Gemeint
2323 3114 2397 3168 ist
2440 3115 2539 3168 mit
2580 3116 2892 3184 yratulatio
2934 3119 2980 3169 et

525 3197 693 3251 honos
720 3214 758 3250 a
784 3202 985 3250 senatu
1004 3198 1089 3250 ein
1107 3197 1371 3252 offizielles
1391 3199 1665 3254 Dankfest.
1691 3230 1757 3239 —
1785 3202 2191 3256 necessitudine
2210 3204 2479 3271 paterna]
2508 3204 2779 3257 Demnach
2797 3205 2979 3257 hatten

526 3283 728 3339 Ciceros
756 3285 865 3338 und
892 3284 1053 3340 Catos
1081 3287 1247 3340 Vater
1271 3288 1620 3342 miteinander
1646 3289 1700 3342 in
1729 3290 2258 3344 freundschaftlichen
2282 3291 2646 3360 Beziehungen
2673 3294 2983 3360 gestanden.

522 3363 665 3426 Uber
701 3373 784 3426 die
821 3374 1137 3443 Bedeutung
1171 3392 1269 3428 von
1306 3377 1652 3431 necessitudo
1690 3394 1731 3431 s,
1772 3394 1836 3430 zu
1872 3379 2026 3447 epist.
2064 3379 2154 3445 IV,
2193 3381 2244 3433 3.
2284 3410 2352 3419 —
2397 3381 2616 3435 ratione
2654 3386 2820 3450 atque
2856 3381 2981 3435 doc-

525 3462 703 3531 trina]
742 3479 879 3529 „aus
918 3461 1236 3530 Grundsatz,
1275 3464 1369 3517 der
1404 3465 1497 3517 auf
1528 3465 2054 3520 wissenschaftlicher
2089 3468 2323 3536 Bildung
2358 3470 2610 3523 beruht“.
2651 3500 2718 3508 —
2748 3471 2980 3539 provin·

526 3552 670 3605 ciam
705 3551 983 3622 ornatam]
1021 3553 1105 3606 Da
1132 3551 1237 3607 Cic.
1266 3553 1536 3620 erkannte,
1567 3554 1685 3608 dass
1712 3572 1848 3621 man,
1879 3573 2027 3609 wenn
2055 3557 2204 3610 nicht
2231 3558 2760 3626 aussergewdhnliehe
2787 3560 2980 3627 kriege·

523 3640 692 3694 rische
727 3641 935 3710 Erfolge
971 3642 1026 3695 in
1063 3641 1321 3695 Retracht
1366 3642 1551 3695 kamen
1565 3685 1578 3709 ,
1626 3660 1727 3696 nur
1771 3643 1829 3697 111
1863 3643 1997 3698 Rom
2036 3645 2203 3698 selbst
2240 3646 2553 3714 Bedeutung
2589 3648 2840 3715 erlangen
2878 3646 2978 3700 und

523 3728 771 3782 behalten
805 3731 1026 3797 konnte‚
1073 3731 1227 3784 hatte
1264 3747 1321 3783 er
1358 3731 1518 3785 schon
1554 3748 1646 3785 vor
1683 3733 1777 3785 der
1811 3732 1969 3786 Wahl
2007 3751 2121 3786 zum
2159 3734 2361 3789 Konsul
2397 3736 2480 3789 die
2516 3736 2624 3788 ihm
2663 3736 2982 3804 zugefallene

523 3816 741 3869 Provinz
769 3817 1104 3873 Mazedonien
1133 3821 1325 3874 seinem
1353 3819 1765 3887 Amtsgenossen
1793 3819 1851 3874 C.
1880 3820 2143 3876 Antonius
2171 3824 2477 3890 abgetreten
2507 3824 2614 3876 und
2642 3827 2825 3893 spater
2851 3823 2981 3878 auch

524 3905 713 3959 ebenso
750 3906 841 3958 auf
874 3906 1079 3961 Gallien
1117 3908 1416 3961 verzichtet.
1492 3924 1691 3962 ornare
1737 3910 1812 3962 ist
1848 3909 1941 3962 der
1977 3910 2227 3965 stehende
2263 3911 2538 3965 Ausdruck
2574 3913 2659 3965 fiir
2694 3914 2778 3966 die
2818 3915 2981 3967 staat-

522 3993 658 4046 liche
695 3992 1057 4063 Ausstattung
1093 3997 1185 4050 der
1219 3996 1830 4052 Provinzialstatthalter
1864 3999 1965 4051 mit
2002 3998 2133 4054 Geld
2151 4042 2163 4066 ,
2201 4001 2445 4071 Truppen
2484 4001 2592 4056 und
2630 4000 2876 4057 Gehilfen
2912 4004 2979 4055 im

522 4081 666 4134 Amt.
707 4111 776 4120 —-
813 4083 1201 4152 sacerdotium]
1241 4085 1336 4138 das
1371 4086 1634 4153 Augurat.
1689 4085 1804 4139 Wie
1839 4087 1913 4140 im
1940 4086 2410 4157 Vorhergehenden
2439 4091 2521 4144 die
2548 4091 2759 4144 wahren
2786 4091 2984 4145 Motive

523 4169 729 4224 Ciceros
766 4170 967 4223 iiberall
1004 4172 1455 4241 zuriickgedrangt
1491 4174 1617 4227 oder
1651 4191 1783 4242 ganz
1821 4175 2131 4231 verdunkelt
2181 4177 2299 4231 sind
2313 4220 2326 4245 ‚
2378 4195 2436 4232 so
2472 4179 2568 4233 hat
2604 4196 2661 4232 er
2697 4181 2834 4233 auch
2870 4181 2985 4234 hier

523 4257 674 4312 nicht
700 4275 833 4327 ganz
862 4258 945 4312 die
973 4259 1251 4314 Wahrheit
1276 4265 1481 4330 gesagt,
1520 4262 1590 4316 da
1625 4280 1682 4316 er
1719 4263 1831 4317 sich
1861 4281 1948 4318 um
1977 4265 2071 4319 das
2098 4266 2167 4319 im
2196 4266 2244 4320 J.
2275 4267 2345 4322 53
2373 4269 2708 4336 empfangene
2737 4268 2987 4336 Augur-at

524 4347 685 4401 sehon
721 4348 875 4416 lange
902 4347 1087 4401 vorher
1114 4348 1382 4403 beworben
1410 4350 1578 4405 hatte.
1620 4382 1686 4391 —-
1723 4351 1891 4420 idem]
1929 4353 2028 4406 mit
2056 4355 2502 4421 gegensatzlicher
2527 4355 2713 4410 Kraft:
2753 4399 2783 4423 ‚,
2798 4357 2983 4410 ander·
